2920 5046
647 445 694 520 ta

156 638 229 706 loeo
259 659 332 704 eum
354 639 600 726 ³Syracusanum
631 639 790 706 nominari
824 638 1022 727 oportuisset
1052 659 1182 706 currum

158 743 257 826 igitur
282 740 375 806 alteri
397 739 515 806 Geloni
544 741 655 806 deberi
681 749 771 828 putat
791 741 960 808 Pausania.
1010 743 1073 809 Sed
1101 742 1184 808 nihil

161 854 211 910 est
237 845 433 929 argumenti,
469 866 533 930 quo
559 844 587 908 is
617 842 708 908 illum
737 853 805 910 tum
833 847 987 910 victorem
1017 844 1117 910 alium
1146 866 1185 909 ae

160 955 334 1034 tyrannum
362 945 462 1011 fuisse
490 945 668 1012 contendit:
702 947 808 1033 potius
831 948 931 1033 igitur
953 968 1073 1013 annum
1094 969 1186 1012 ocen-

161 1050 299 1136 pationis
330 1045 434 1113 Gelae
462 1069 535 1114 cum
564 1050 774 1136 occupatione
796 1052 1028 1136 Syracusarum
1050 1047 1185 1115 Gelonis

163 1152 383 1227 commutavit.
603 1145 610 1154 ’

226 1251 357 1318 Deinde
384 1275 405 1318 a
431 1254 545 1320 ceteris
576 1277 643 1320 non
669 1253 808 1320 multum
837 1254 983 1320 dissentit
1012 1254 1112 1324 schol.
1143 1254 1185 1321 ad

162 1355 257 1442 Pyth.
278 1354 337 1420 llI.
367 1357 486 1441 prinu,
515 1377 578 1444 quo
606 1355 677 1422 loco
699 1355 798 1426 Hiero
822 1355 874 1422 01.
896 1355 1048 1424 LXXVL
1077 1367 1186 1444 tyran-

163 1457 273 1524 uidem
304 1479 479 1544 occupasse
506 1468 724 1543 asseveratur;
753 1459 856 1544 magis
878 1468 984 1524 autem
1010 1459 1113 1524 schol.
1144 1459 1187 1526 ad

163 1561 258 1648 Pyth.
287 1565 312 1626 l.
347 1561 415 1628 init.
451 1559 617 1626 affirmans
653 1561 791 1626 eundem
827 1564 912 1628 hanc
944 1571 1017 1648 post
1051 1561 1186 1627 Gelonis

163 1671 300 1728 mortem
323 1661 501 1728 obtinuisse
524 1662 576 1730 Ol.
598 1663 785 1747 LXXXV„
815 1663 872 1728 ubi
901 1685 943 1729 ex
965 1673 1052 1730 certa
1080 1686 1187 1730 emen·

164 1764 296 1830 datione
315 1763 366 1832 Ol.
387 1763 524 1830 LXXV.
542 1766 726 1852 ponendum
751 1774 807 1832 est

231 1866 389 1935 Gelonem
412 1864 465 1936 01.
486 1865 644 1948 LXXII„
665 1863 687 1933 2
708 1891 774 1934 non
796 1868 977 1956 Syracusas
995 1870 1052 1934 sed
1072 1869 1189 1935 Galam

165 1973 291 2057 cepisse
306 1991 348 2034 ex
371 1968 494 2039 Herod.
516 1969 602 2054 ΥΠ,
623 1967 687 2038 155
708 1971 829 2054 elucet;
856 1971 981 2038 accedit
1002 1971 1089 2060 quod
1110 1973 1189 2038 Dio·
1213 1955 1216 1974 ’

159 2075 245 2138 vdoro
266 2073 349 2154 (xi,
371 2066 424 2148 38,
447 2067 501 2157 66)
531 2082 662 2138 auctore
685 2071 802 2138 Geloni
825 2073 926 2138 Hiero
956 2076 1112 2162 successit
1133 2074 1187 2141 01.

165 2174 313 2256 LXXV.‚
333 2169 370 2256 3,
405 2173 463 2238 ubi
486 2180 511 2240 I
512 2176 594 2242 'stou
613 2175 672 2258 μὲν
701 2162 757 2241 οὖν
785 2175 923 2262 ἑπταετῆ
944 2174 1060 2261 χρόνον
1081 2173 1189 2261 ἐβασί-

165 2279 292 2344 λευσεν.
348 2276 493 2343 Diodoro
525 2287 634 2344 autem
661 2278 721 2344 hac
755 2279 789 2342 in
819 2300 855 2343 re
883 2279 987 2365 major
1019 2279 1100 2344 fides
1131 2290 1189 2363 est,

167 2402 266 2468 quam
279 2382 376 2472 etiam
392 2365 536 2446 summus
552 2379 766 2468 philosophus
780 2381 968 2446 Aristoteles
983 2381 1065 2460 (Pol.
1074 2377 1187 2468 v.,.12)

166 2482 337 2548 manifeste
356 2491 472 2552 tuetur.
523 2481 618 2564 Quod
646 2492 813 2570 praeterea
834 2483 907 2549 ideo
935 2485 1039 2569 magis
1060 2485 1189 2567 arridet,
1219 2504 1222 2511 ·

168 2585 322 2673 quoniam
355 2583 441 2650 idem
471 2585 634 2650 Diodorus
663 2589 792 2672 egregie
825 2586 886 2651 sibi
919 2595 1060 2670 constat,
1090 2609 1189 2674 quum

167 2689 373 2774 septuaginta
393 2687 475 2753 duos
500 2709 603 2753 annos
626 2709 647 2752 a
659 2687 792 2753 Gelonis
813 2695 915 2752 morte
934 2689 1094 2774 usquead
1111 2689 1189 2754 Dio·

169 2791 254 2877 nysii
275 2791 404 2876 tyranni
428 2791 598 2877 imperium
622 2789 785 2879 ellluxisse
804 2799 969 2870 numeret,
1000 2789 1121 2855 scilicet
1149 2791 1190 2855 ab

169 2915 256 2958 auno
288 2891 342 2958 01.
365 2892 522 2976 LXXV.‚
545 2889 566 2957 3
596 2893 638 2958 ad
667 2915 788 2958 annum
808 2890 941 2976 110111,
962 2889 1000 2973 3,
1029 2914 1092 2980 quo
1114 2893 1191 2958 Dio·

168 2997 280 3083 nysius
302 2995 359 3059 ille
380 2995 556 3060 vilissimae
585 2997 677 3062 sortis
707 2996 802 3061 homo
831 3017 990 3060 summum
1019 2995 1192 3081 imperium

169 3107 202 3162 et
233 3098 508 3184 Syracusanorum
538 3098 742 3184 tyrannidem
777 3099 990 3184 consequitur.
1028 3097 1117 3180 (XL,
1140 3092 1192 3162 38.

167 3200 278 3284 xm„
308 3196 372 3279 95).
426 3201 479 3265 De
509 3199 572 3266 hoc
600 3201 685 3265 enim
713 3223 847 3266 numero
876 3200 992 3264 demtis
1021 3197 1192 3265 duodecim

169 3305 282 3384 annis,
327 3303 553 3369 dominationis
588 3302 740 3368 Hieronis
777 3312 809 3368 et
844 3301 1038 3389 Thrasybuli
1073 3301 1190 3387 reliqui

169 3409 340 3492 sexaginta
361 3407 438 3471 anni
460 3407 561 3492 spatio
583 3405 706 3491 dequo
730 3405 829 3493 tradit
849 3405 1055 3491 respondent.

232 3509 376 3574 Marmor
398 3507 529 3596 quidem
551 3507 683 3586 Parium
703 3508 773 3576 sub.
787 3530 836 3595 ep.
854 3503 905 3588 69,
927 3507 1029 3594 (apud
1044 3505 1193 3573 Mueller.

168 3611 192 3677 f.
214 3612 246 3681 lr.
269 3633 307 3696 gr
340 3619 382 3694 I.,
403 3606 493 3696 550).
552 3609 605 3676 Ol.
620 3609 757 3676 LXXV.
780 3632 901 3676 annum
922 3613 1051 3676 tertium
1072 3611 1194 3681 indicat

168 3735 233 3800 quo
256 3713 339 3781 Gelo
362 3713 552 3778 Dinomenis
580 3713 665 3778 filius
688 3713 854 3800 Syracusis
874 3712 1080 3800 tyrannidem
1102 3733 1194 3776 occu·
1262 3715 1264 3724 ’

166 3817 292 3902 paverit
313 3816 465 3882 archonte
486 3816 622 3880 Athenis
643 3815 890 3899 Thimosthene,
914 3825 946 3881 et
965 3836 1017 3900 op.
1039 3811 1091 3883 71.
1136 3813 1195 3880 01.

166 3916 348 4003 ΙιΧΧἯΙ,
369 3940 491 3986 annum
510 3919 648 4004 primum
670 3940 734 4003 quo
754 3918 853 3984 Hiero
875 3919 909 3984 in
929 3917 1101 4006 imperium
1124 3919 1194 4006 ejus

987 4039 1008 4091 4,
