2920 5046
781 423 824 498 52

292 645 398 713 neque
429 623 582 707 Athenis,
615 643 719 711 neque
755 621 941 710 Syracusis,
975 611 1081 709 neque
1117 621 1196 688 alias
1229 622 1314 686 inter
1443 643 1444 650 ¹

292 727 408 796 Persas
436 736 468 793 et
489 719 769 812 Carthaginienses
798 725 912 790 foedus
940 724 1021 790 illud
1049 745 1134 788 anno
1163 723 1314 811 quadrin-

292 831 471 916 gentesimo
490 831 684 915 octogesimo
708 829 806 892 ictum
826 849 896 892 esse
917 849 1083 915 nunquam
1106 827 1256 892 audisset.

358 932 513 1014 Quamvis
536 931 653 997 deinde
673 928 841 1017 probabile
863 929 1022 1006 videatur,
1042 951 1102 1016 per
1124 929 1316 1012 Phoenices,

171 1103 173 1107 ,
292 1035 466 1102 Persarum
492 1034 626 1120 imperio
654 1033 830 1120 subjectos,
865 1032 1092 1099 commercium
1118 1033 1187 1117 regi
1214 1030 1317 1097 fuisse

295 1160 368 1204 cum
406 1134 739 1222 Carthaginiensibus:
773 1134 915 1199 alienum
946 1143 1055 1200 tamen
1090 1156 1110 1199 a
1146 1134 1318 1198 Persarum

295 1238 536 1326 dignitateillis
564 1239 644 1326 ipsis
665 1235 879 1324 temporibus,
914 1234 1030 1324 quibus
1058 1237 1091 1302 in
1120 1237 1320 1304 summovi-

294 1363 372 1428 gore
404 1349 495 1408 erant
527 1341 710 1406 societatem
737 1337 866 1429 proprie
898 1341 945 1404 sic
979 1338 1098 1404 dictem
1130 1339 1211 1405 inire
1242 1361 1318 1406 cum

295 1451 391 1530 gente
419 1443 519 1531 copiis
544 1443 641 1528 longe
669 1439 848 1528 disparibus
881 1439 1038 1528 quadam3
1072 1440 1173 1506 multo
1208 1451 1319 1507 autern

294 1547 402 1612 minus
433 1568 508 1611 cum
548 1545 715 1632 republica
746 1541 891 1631 qualibet
916 1553 954 1634 ¹et
988 1543 1119 1630 quidem
1153 1543 1209 1608 tali
1243 1565 1319 1609 con·

296 1647 417 1714 ditione
450 1670 547 1735 quam
584 1646 749 1713 Diodorus
781 1646 982 1715 memoravit.
1038 1645 1152 1733 Neque
1188 1644 1319 1710 illorum

277 1746 488 1816 'existimatio
510 1749 597 1836 apud
618 1749 733 1815 Persas
755 1749 899 1814 maxima
913 1769 990 1813 esse
1011 1749 1133 1835 potuit,
1167 1748 1195 1812 si
1216 1746 1319 1814 cladis

296 1851 384 1917 illius
402 1874 561 1918 memores
586 1860 695 1934 erant,
727 1873 823 1939 quam
847 1850 971 1938 proelio
999 1850 1109 1916 navali
1122 1849 1321 1916 Massiliensi

242 1988 245 2007 ·
296 1953 450 2020 adversus
463 1953 646 2020 Phocenses
659 1954 828 2020 commisso
842 1962 1042 2041 acceperant
1067 1951 1200 2040 (Herod.
1208 1951 1234 2018 1.
1243 1949 1319 2024 166.

295 2056 398 2125 Thuc.
421 2055 447 2122 I.
469 2052 535 2143 13.)
734 2039 741 2080 ¹
1367 2053 1369 2056 ’

294 2163 298 2172 ’
361 2158 412 2224 Ad
432 2158 494 2224 hoc
515 2159 612 2224 etiam
634 2158 808 2242 addamus,
834 2158 922 2246 quod
950 2158 1040 2224 nullo
1069 2158 1166 2225 modo
1188 2180 1320 2246 sperare

296 2269 459 2350 poterant,
489 2262 611 2349 majora
637 2261 821 2344 commoda,
851 2261 968 2348 quibus
994 2271 1193 2328 mercaturae
1220 2283 1321 2348 eausa

179 2447 182 2460 Ι
297 2387 339 2430 ex
360 2363 516 2448 ejusmodi
538 2365 610 2430 euni
632 2385 709 2449 rege
732 2363 903 2429 Persarum
928 2365 1153 2452 conjunctione
1173 2363 1320 2430 frueren-

296 2477 348 2534 tur
354 2503 363 2550 9
394 2465 654 2556 quodammodo
678 2467 852 2531 imminens
872 2465 1053 2553 periculum
1075 2475 1322 2554 compensatum

217 2569 220 2581 ¹
298 2589 384 2650 esse,
414 2591 456 2634 ne
484 2569 631 2660 regiones
661 2569 723 2635 sibi
753 2570 787 2632 in
816 2568 931 2648 Sicilia¹
953 2568 1114 2657 subjectas
1143 2569 1321 2656 aliquando

297 2694 428 2761 prorsus
464 2672 651 2737 amitterent.
716 2671 820 2738 Multo
858 2673 954 2737 etiam
990 2674 1098 2738 minus
1139 2680 1322 2758 temporum

297 2775 541 2863 praeteritorum
562 2775 764 2840 immemores
787 2773 926 2858 fuerunt,
952 2797 1052 2862 quum
1072 2775 1192 2840 Persae
1214 2783 1322 2840 aucto·

297 2877 399 2943 ritatis
420 2875 590 2963 augendae
616 2885 711 2964 atque
729 2877 871 2958 omnium
896 2887 1053 2943 terrarum
1074 2876 1251 2943 avidissimi
1272 2878 1321 2965 ip-

298 2980 364 3046 sius
399 2981 495 3046 etiam
528 2979 731 3064 Carthaginis
762 2981 910 3065 regiones
945 2979 1131 3047 inhiassent.
1186 2979 1321 3062 (Herod.

298 3080 357 3169 ΙΙΙ.
380 3073 448 3178 19).
491 3080 531 3146 cf.
554 3080 804 3168 Hardenberglu
826 3105 858 3170 p.
881 3079 933 3148 60.

364 3183 493 3250 Curtius
532 3183 618 3264 (hist.
650 3181 706 3249 Gr.
728 3184 787 3254 H2.
818 3207 850 3272 p.
874 3181 951 3268 478)
984 3194 1016 3251 et
1050 3185 1199 3252 Holmius
1231 3184 1319 3266 (hist.

299 3285 362 3353 Sic.
384 3285 409 3354 Ι.
431 3309 463 3372 p.
486 3281 560 3366 197)
590 3287 645 3374 qui
672 3287 718 3352 ait
748 3287 849 3372 „Eine
879 3287 988 3354 solche
1008 3288 1250 3375 Aufforderung
1279 3290 1322 3355 ist

298 3387 370 3454 eine
394 3409 429 3452 so
453 3388 634 3454 nattirliche
656 3389 847 3473 Thatsaehe‚
869 3391 944 3456 dass
963 3393 1010 3456 sie
1031 3387 1207 3476 eigentlich
1230 3392 1322 3458 nicht

298 3491 386 3557 hatte
414 3491 594 3557 bezweifelt
621 3491 750 3558 werden
779 3493 933 3559 konnen“
958 3515 1005 3581 sq.
1032 3493 1073 3558 de
1101 3493 1163 3559 hoc
1190 3493 1322 3560 foedere

298 3615 375 3660 vere
391 3594 600 3684 judicassent,
623 3597 649 3662 si
674 3604 782 3662 nostro
805 3595 934 3662 saeculo
949 3597 1118 3662 ‘evenisset
1152 3595 1235 3662 Nam
1257 3581 1323 3662 hoc

299 3695 381 3790 illud
411 3709 476 3781 est,
509 3696 596 3784 quod
624 3699 717 3764 toties
744 3701 873 3786 peccari
899 3699 1013 3766 videas
1043 3722 1063 3765 a
1090 3697 1321 3765 recentioribus

299 3800 515 3887 scriptoribus,
530 3802 648 3888 partim
662 3801 727 3867 illis
743 3803 799 3890 qui
813 3801 904 3868 nullo
917 3803 1039 3890 judicio
1054 3801 1197 3868 adhibito
1213 3803 1322 3868 omnia

299 3924 415 3970 ornare
430 3903 568 3987 student,
591 3907 709 3992 partim
723 3905 880 3973 acuminis
904 3914 935 3976 et
949 3905 1067 3994 judicii
1087 3906 1207 3973 famam
1224 3925 1321 3972 aucu-
