2920 5046
661 399 703 480 41

166 593 270 658 stinus
301 614 322 657 a
357 591 469 658 ceteris
497 589 659 670 dissentit,
691 589 875 676 diligentius
908 589 1106 678 inquiramus
1137 609 1194 654 ne·

167 715 258 760 cesse
279 703 338 764 est.
381 693 427 759 Ut
448 715 491 757 ex
510 689 636 780 prologi
659 692 790 782 quidem
812 691 912 779 Trogi
932 691 1038 758 verbis
1060 689 1117 759 lib.
1135 689 1192 757 IV.

168 803 304 882 ,quarto
338 794 502 860 volumine
533 797 738 860 continentur
768 815 820 859 res
851 793 978 860 Siculae
1006 793 1047 860 ab
1078 791 1194 858 ultima

168 899 293 982 origine
314 919 418 984 usque
437 897 479 962 ad
502 895 640 962 deletam
663 895 831 984 Syracusis
845 896 1091 963 Atheniensium
1115 893 1193 959 olas-

169 1002 257 1064 sem“
276 998 388 1079 elucet,
411 997 525 1084 Pomp.
539 997 666 1083 Trogus
689 1007 775 1064 eerto
790 997 924 1064 Gelonis
939 1020 991 1064 res
1006 995 1192 1084 descripsit:

166 1101 315 1167 Justinus
337 1109 511 1168 contrane
533 1099 665 1166 Gelonis
688 1111 744 1166 aut
767 1099 920 1165 Himerae
940 1099 1070 1187 quidem
1093 1099 1194 1163 nomi·

167 1225 247 1268 num
284 1205 445 1284 meminit,
478 1223 590 1268 verum
624 1209 747 1267 tantum
778 1201 879 1268 verba
911 1203 1023 1288 capitis
1057 1201 1192 1267 secundi

171 1306 358 1392 „imperium
392 1305 521 1371 Siciliae
560 1307 656 1370 etiam
693 1303 981 1388 Carthaginienses
1017 1312 1192 1386 tentavere,

171 1406 291 1494 diuque
311 1408 403 1473 varia
421 1407 555 1472 victoria
578 1427 651 1472 cum
672 1408 817 1493 tyrannis
838 1405 1038 1490 dimicatum
1073 1405 1115 1471 ad
1136 1427 1192 1492 po·

170 1519 340 1592 stremum,
376 1510 494 1574 amisso
521 1507 706 1574 Hamilcare
733 1510 927 1595 imperatore
950 1529 1023 1574 cum
1050 1509 1192 1576 exercitu

169 1611 403 1699 aliquantisper
424 1612 574 1698 quievere
595 1612 691 1676 ricti“
716 1609 772 1676 illa
794 1619 940 1696 tempora
960 1609 1113 1679 indicant.

230 1712 375 1778 Primum
397 1715 482 1780 enim
502 1711 590 1799 apud
610 1711 692 1779 Just.
704 1711 810 1795 XIX,
826 1711 856 1796 1,
875 1710 904 1782 1.
937 1711 1105 1778 Hamilcar
1124 1711 1192 1778 dux

171 1813 484 1901 Carthaginiensium
511 1815 674 1901 Magonis,
705 1824 817 1882 contra
849 1813 937 1902 apud
963 1813 1084 1881 Herod.
1107 1815 1193 1900 vll,

170 1912 236 1984 165
256 1917 427 1984 Hannonis
451 1916 538 1984 filius
566 1919 766 2000 nominatur3
799 1916 858 1984 sed
884 1939 951 1984 nou
979 1915 1192 1984 dubitandum

170 2021 251 2107 quin
274 2019 470 2102 Herodotus,
492 2019 547 2085 ille
570 2019 638 2085 fere
659 2018 803 2106 aequalis
825 2029 951 2104 auctor,
986 2018 1193 2092 confusores

169 2123 316 2189 namanti
335 2121 463 2189 Justino
486 2121 734 2208 praeponendus
757 2123 808 2187 sit.

234 2225 363 2292 Deinde
383 2225 467 2294 Just.
489 2224 594 2308 xlx,
613 2224 644 2308 1,
666 2219 709 2292 10
728 2225 848 2292 Darius
871 2247 931 2290 rex
953 2225 1124 2292 Persarum
1151 2227 1192 2294 le

168 2339 260 2416 gatos
290 2321 523 2414 Carthaginem
553 2328 678 2392 misisse
709 2327 825 2394 dicitur
853 2327 1007 2396 allaturos
1042 2329 1192 2414 edictum,

170 2454 235 2520 quo
256 2431 357 2497 Poeni
383 2429 542 2498 humanae
569 2429 690 2496 hostias
720 2429 888 2498 immolare
909 2443 941 2498 et
969 2433 1084 2498 canina
1103 2435 1192 2499 vesci

168 2533 429 2621 prohiberentur,
463 2541 727 2619 mortuorumque
756 2553 890 2620 corpora
916 2555 1059 2601 cremare
1086 2537 1191 2622 potius

169 2659 266 2726 qnam
291 2644 377 2703 terra
408 2635 545 2701 obruere
574 2657 595 2699 a
615 2655 693 2720 rege
714 2635 914 2723 juberentur.
969 2636 1090 2704 Contra
1113 2638 1192 2714 Por<

167 2737 261 2826 phyr.
284 2737 326 2804 de
349 2737 521 2804 abstinent.
541 2733 564 2806 2
581 2736 776 2824 Iphicratem
805 2740 850 2804 ait
878 2737 960 2804 illud
988 2739 1130 2830 edixisse
1159 2751 1192 2809 et

168 2839 267 2909 schol.
300 2839 342 2906 ad
373 2839 467 2910 Pind.
497 2839 592 2928 Pyth.
614 2835 711 2922 11.,3
744 2849 775 2906 et
807 2841 892 2907 Plut.
923 2841 1088 2928 Apophtg.
1122 2864 1190 2928 reg.

167 2942 271 3026 Vm,
293 2938 346 3010 88.
379 2943 516 3022 (Timaei
537 2941 645 3029 irgmt.
667 2937 721 3024 89)
755 2942 912 3010 Gelonem
942 2953 1015 3030 post
1045 2966 1190 3032 pugnam

166 3045 293 3110 Poenos
322 3039 453 3110 foedere
474 3045 700 3124 obstrinxisse,
734 3067 777 3110 ne
804 3046 839 3111 in
865 3053 1029 3133 posterum
1053 3045 1190 3115 Saturno

167 3146 287 3212 liberos
308 3147 526 3226 immolarent,
562 3156 748 3215 memorant.
792 3147 837 3213 Ut
856 3171 897 3214 ex
918 3148 1017 3218 Diod
1039 3149 1126 3228 XX..
1147 3146 1191 3220 24

166 3249 315 3317 videmus
332 3272 399 3315 non
422 3271 549 3336 semper
576 3249 639 3314 hoc
669 3249 809 3316 edietum
829 3251 1110 3337 Carthaginienses
1137 3253 1192 3322 ob·

167 3355 436 3420 servaverunt‘et
461 3353 530 3418 veri
558 3352 663 3418 simile
681 3362 729 3418 est
751 3355 880 3420 omnino
907 3351 973 3420 illis
994 3355 1192 3444 temporibus

166 3453 259 3520 nulla
280 3455 349 3541 ejus
371 3452 458 3520 modi
482 3453 674 3521 violatarum
702 3455 895 3543 religionum
925 3458 1075 3546 exempla
1103 3460 1191 3528 inve

166 3559 231 3623 nisi
253 3579 357 3643 posse.
410 3557 582 3624 Praeterea
603 3558 732 3625 definiri
753 3581 820 3624 non
840 3568 961 3646 potest,
1000 3582 1056 3626 our
1072 3560 1191 3628 Persae

167 3658 485 3744 Carthaginiensibus
506 3662 636 3727 edicant
661 3671 697 3728 ut
728 3671 927 3728 mortuorum
949 3684 1086 3749 corpora
1106 3673 1192 3730 terra

166 3761 309 3830 obruant
328 3764 492 3850 quoniam,
512 3772 550 3828 ut
568 3762 689 3834 Herod
703 3764 741 3848 1,
765 3759 837 3842 140,
858 3770 930 3847 111,
953 3760 1005 3831 16.
1039 3765 1190 3853 Xenoph.

166 3862 451 3952 cyrop.vn1.,7
480 3864 658 3952 affirmant,
678 3866 740 3958 „hio
764 3865 851 3954 apud
879 3868 968 3956 ipsos
996 3867 1093 3944 etiam
1120 3889 1190 3938 mos
