2920 5046
608 470 649 542 17

118 659 248 748 poetam
255 662 393 728 inveniri
407 670 567 749 putamus,
575 659 662 749 quod
671 659 789 727 Geloni
805 669 836 728 et
844 659 963 726 Pericli
975 659 1142 750 ascripto·

118 763 207 830 ribus
231 763 417 831 attributum
435 773 492 830 est.
1068 773 1071 778 ’

182 867 343 934 Plurimos
365 869 453 934 enim
467 866 812 954 auctores'frequenter
825 868 966 934 historiis
989 868 1054 934 suis
1074 888 1141 932 ora·

121 972 221 1035 tiones
251 969 305 1036 vel
327 993 490 1036 sermones
516 969 749 1055 interponendo
781 971 866 1048 vitae
895 972 1064 1038 veritatem
1087 993 1142 1034 ex·

120 1075 256 1159 primere
279 1073 439 1138 studuisse
454 1071 622 1160 clarosque
643 1074 739 1157 viros,
763 1096 899 1161 quorum
924 1095 974 1140 res
989 1071 1143 1152 referrent

120 1198 159 1242 ea
181 1176 350 1264 loquentes
376 1175 559 1258 induxisse,
595 1197 677 1263 quae
699 1179 867 1266 'cujusque
888 1177 1037 1264 ingenio,
1065 1185 1142 1242 tem·

119 1281 200 1366 pori,
224 1279 357 1344 consilio
378 1281 520 1344 maxime
543 1279 607 1365 ipsi
627 1301 769 1365 congrua
790 1289 972 1366 censerent,
1001 1281 1073 1368 quis
1096 1290 1145 1346 est

120 1383 176 1469 qui
197 1381 343 1449 nesciat?
384 1382 435 1448 lta
459 1381 513 1446 hio
538 1380 582 1447 ad
613 1375 711 1467 leg'ati
732 1381 939 1450 Atheniensis
967 1385 1144 1450 orationem

119 1483 297 1570 addamus,
343 1483 476 1550 coloniis
516 1487 702 1572 praesertim
737 1495 850 1552 contra
892 1479 1025 1574 gloriari
1070 1484 1144 1551 soli-

119 1597 170 1653 tos
203 1609 273 1652 esse
309 1587 536 1669 Athenienses,
582 1587 668 1674 quod
712 1587 789 1654 iude
832 1590 873 1655 ab
913 1588 1143 1677 antiquissimis

119 1689 319 1777 temporibus
352 1691 387 1754 in
421 1690 533 1756 eadem
576 1699 662 1756 terra
694 1689 892 1758 habitassent
926 1702 958 1758 et
997 1691 1088 1780 quasi
1124 1713 1141 1755 e

119 1800 205 1858 terra
237 1794 308 1880 ipsa
339 1794 399 1858 orti
434 1803 551 1864 essent.
596 1793 692 1875 Quod
726 1805 949 1882 argumentum
976 1793 1143 1883 jucundis·

121 1895 236 1960 simum
270 1895 330 1960 fuit
360 1905 392 1962 et
424 1897 527 1982 poetis
559 1906 591 1962 et
624 1897 784 1964 historicis
817 1898 1040 1986 scriptoribus,
1080 1919 1144 1986 quo

119 1997 250 2086 reliquis
285 1997 421 2065 Graecis
454 2009 616 2066 aeternam
647 1999 889 2067 Atheniensium
909 2002 1041 2090 imperii
1060 2023 1145 2066 sum·
1262 1996 1265 2002 ’

120 2122 206 2166 mam
243 2099 461 2169 demonstrare
491 2125 529 2167 ac
565 2125 658 2168 suum
696 2103 853 2191 populum
890 2103 1017 2170 adulari
1052 2104 1143 2170 volu-

25 2235 31 2243 ·
121 2206 220 2290 erint;
244 2205 361 2270 similia
385 2205 534 2293 exempla
554 2207 700 2272 invenies
717 2209 795 2294 jem.
809 2207 899 2295 apud
919 2209 1051 2278 Homer.
1067 2206 1106 2278 Il.
1122 2231 1143 2291 o,
1171 2273 1179 2290 ,

121 2303 194 2373 647.
243 2306 365 2379 Herod.
389 2315 425 2390 L,
447 2303 505 2390 563
534 2305 706 2392 V1.,106.
745 2311 845 2382 Thuc.
868 2317 929 2395 II.,
958 2307 1010 2379 36.
1045 2309 1145 2377 Isocr.

121 2410 244 2498 Paneg.
266 2408 297 2495 4,
319 2408 371 2478 24.
415 2411 534 2500 Lysiae
556 2422 635 2481 orat.
657 2413 724 2482 fun.
749 2410 799 2484 76.
844 2415 939 2484 Arist.
956 2435 1046 2501 vesp.
1059 2408 1145 2480 1076

121 2512 200 2598 alia3
224 2515 266 2579 ad
287 2513 418 2581 Gelonis
440 2537 631 2602 responsum
651 2539 717 2581 non
736 2539 793 2582 suo
815 2517 878 2582 ista
900 2518 1031 2582 nomine
1044 2517 1145 2582 Hero·
1269 2548 1271 2558 ¹

124 2615 234 2682 dotum
259 2617 409 2698 scribere,
432 2619 490 2684 sed
512 2618 590 2707 quid
607 2618 686 2684 Gelo
702 2619 818 2685 dixerit
838 2621 1009 2707 magnifice
1024 2619 1065 2686 de
1079 2621 1146 2686 suis

123 2722 224 2808 copiis
246 2723 403 2805 sentiens,
435 2722 556 2787 referre
585 2731 618 2788 et
646 2725 847 2810 interpretari
878 2723 1039 2802 dicamus:
1070 2746 1146 2790 nam

122 2823 339 2910 Wesselingio
370 2835 535 2912 suspectus
557 2827 617 2892 iste
639 2825 730 2891 locus
750 2836 814 2910 est,
841 2827 926 2914 qued
958 2850 1024 2893 non
1046 2828 1146 2893 credi-

122 2926 187 2992 bile
212 2929 268 3012 sit,
307 2928 507 2994 Herodotum
538 2928 615 2994 talia
644 2928 744 2995 literis
763 2929 907 2996 voluisse
933 2916 1077 3014 tradere,
1111 2933 1146 2995 in

122 3030 238 3118 quibus
260 3031 388 3097 macula
410 3031 570 3120 quaedam
594 3031 749 3098 Graeciae
771 3035 856 3103 insit.

184 3134 353 3201 Habemus
374 3158 450 3222 ergo
465 3159 523 3222 pro
540 3157 575 3200 re
592 3145 756 3223 comperta
766 3137 966 3204 Herodotum
980 3136 1146 3225 pleraque,

10 3241 14 3264 '
45 3269 48 3276 ⁴
124 3260 208 3325 quae
229 3236 286 3307 lib.
309 3237 395 3321 VII„
418 3233 672 3326 eap.153-168
693 3249 812 3324 narrat,
835 3263 878 3306 ex
901 3263 954 3306 ore
967 3239 1147 3324 Siculorum

123 3342 266 3427 ipsorum
284 3341 441 3412 audiisse.
493 3341 590 3424 Quod
614 3353 782 3429 praeterea
809 3344 852 3410 ad
883 3342 1080 3430 legationem
1105 3343 1147 3410 ad

124 3443 285 3510 Gelonem
315 3447 446 3511 missam
475 3447 699 3534 orationesque
728 3447 907 3532 legatorum
940 3457 973 3514 et
1002 3446 1147 3532 Gelonis,
1181 3497 1183 3509 1

81 3565 84 3570 ’
124 3569 205 3634 ques
228 3546 307 3613 alias
329 3571 457 3636 quoque
478 3549 647 3618 ¹auditione
677 3552 837 3638 acceperit
867 3559 965 3638 atque
995 3551 1066 3638 ipse
1092 3574 1147 3616 ex·

125 3651 302 3735 ornaverit,
334 3651 420 3717 infra
446 3652 539 3718 nobis
572 3647 831 3724 dicendum‘est.
886 3653 927 3718 In
960 3654 1148 3719 universum

125 3753 224 3838 igitur
247 3753 430 3841 Herodoto,
463 3757 519 3843 qui
546 3757 672 3822 circiter
704 3755 920 3846 quadraginta
946 3757 1041 3822 annis
1074 3765 1149 3844 post

126 3853 288 3922 Gelonem
308 3863 469 3925 mortuum
483 3858 627 3926 Siciliam
641 3862 834 3949 peragravit,
855 3859 954 3926 fidem
968 3857 1148 3944 tribuimus,

126 3983 268 4052 eumque
286 3962 577 4054 reliquas-'Gelonis
595 3987 648 4037 res,
668 3964 796 4034 silentio
817 3965 1019 4054 praeteriisse
1040 3962 1149 4032 dolen·
