2920 5046
657 440 677 509 l

149 632 333 712 Anacreon,
356 629 525 710 ernanus,
550 629 783 714 saecunda,
805 631 994 721 aeschylus,
1016 631 1083 721 alit,
1106 633 1181 697 aar.

25 749 26 756 ’
148 733 227 800 fices
259 732 409 820 operibus
446 732 603 812 illustres,
641 729 826 820 philosophi
861 734 986 801 nobiles
1020 743 1057 799 ut
1087 733 1180 801 Plato

148 835 246 903 valde
267 836 473 923 quaerebant.
518 833 667 923 Namque
688 837 818 922 tyranni
841 837 903 923 ipsi
927 836 967 902 ab
993 837 1081 902 omni
1103 845 1180 902 tem-

148 961 229 1028 poro
250 938 439 1026 plerumque
459 947 494 1002 ut
516 946 727 1024 tyrannorum
750 938 948 1006 Graecorum
972 938 1103 1004 historia
1125 937 1179 1004 do·

148 1050 208 1118 cet,
238 1041 388 1126 ingenuis
417 1039 534 1106 studiis
567 1047 665 1128 atque
694 1041 816 1106 artibus
846 1044 986 1108 maxims
1020 1043 1180 1108 faverunt.

149 1143 217 1210 Ubi
233 1145 384 1235 ‘primum
416 1151 522 1208 autem
552 1151 762 1230 tyrannorum
795 1145 1030 1212 consuetudine
1064 1167 1102 1210 ac
1135 1144 1180 1212 fa-

146 1269 225 1312 vore
254 1247 305 1311 usi
335 1254 425 1329 sunt,
453 1245 613 1334 quidquid
643 1246 690 1311 illi
722 1256 873 1332 egerunt,
905 1257 1015 1334 poetas
1044 1247 1179 1314 laudare

146 1348 259 1416 solitos
281 1371 353 1416 esse
372 1357 624 1414 consentaneum
647 1357 703 1419 est.
754 1350 887 1418 Summo
910 1353 1007 1437 igitur
1023 1353 1099 1439 jure
1121 1351 1178 1417 So·

147 1451 299 1538 phoclem
317 1453 481 1534 miramur,
506 1450 593 1539 quod
616 1453 763 1538 quamvis
786 1475 882 1541 saepe
906 1454 1059 1520 invitatus
1080 1462 1173 1536 esset,

145 1563 255 1620 tamen
284 1565 410 1622 tantum
441 1553 559 1637 abfuit,
594 1563 629 1618 ut
657 1555 846 1630 vocantibus
879 1558 1025 1644 tyrannis
1055 1579 1177 1622 morem

145 1665 284 1743 gereret,
305 1667 341 1723 ut
362 1665 475 1722 contra
495 1658 652 1722 rationem
674 1680 766 1724 suam
791 1668 1006 1743 conservaret,
1023 1657 1141 1754 dicens

232 1757 322 1834 ὅστις
343 1756 403 1844 γὰρ
427 1757 467 1835 ὥς
488 1757 647 1846 τίραννον
670 1757 886 1844 ἐμπορεύεται

229 1858 346 1932 κείνου’
370 1864 563 1940 aristotiles,
586 1854 651 1929 acin
671 1860 842 1950 ilsiltspoc
862 1864 958 1953 μόλῃ.

418 1967 429 1978 “
682 1966 790 2051 (frgm.
812 1964 884 2035 711.
908 1967 1023 2050 Dind.)

120 2103 125 2106 ·
204 2069 281 2136 Alia
301 2071 399 2156 igitur
417 2069 551 2136 aliarum
576 2070 741 2136 civitatum
766 2069 826 2135 suh
848 2073 993 2158 tyrannis
1019 2071 1187 2148 conditio:¹

141 2173 303 2240 feliciores
325 2181 415 2238 erant
438 2172 585 2239 Athenae
606 2172 783 2255 Pisistrato,
802 2171 962 2240 feliciores
981 2175 1057 2239 item
1078 2175 1174 2262 Syra·

141 2299 239 2342 nusae
267 2275 394 2342 Gelone
423 2277 618 2364 imperante,
648 2299 746 2365 quam
774 2275 836 2341 hae
866 2275 925 2341 sub
954 2275 1114 2364 Dionysio
1145 2289 1178 2345 et
1213 2296 1216 2304 ·

143 2377 323 2464 Agathocle
356 2389 452 2467 atque
486 2378 569 2444 illae
595 2379 655 2510 sub
689 2378 860 2468 Lysandro
897 2379 1094 2466 trigintaque
1128 2389 1176 2469 ty-

142 2483 262 2551 tannia.

207 2585 353 2667 Quum
344 2607 379 2650 rn
408 2583 638 2672 metropolibus
668 2595 735 2651 tum
773 2588 806 2651 in
848 2585 983 2652 coloniis
1010 2585 1079 2652 fere
1108 2587 1173 2654 sin·

141 2688 227 2778 gulis
256 2687 430 2776 aliquando
464 2690 595 2776 tyranni
626 2690 835 2772 exstiterunt,
879 2712 942 2776 quo
972 2711 1013 2754 ex
1042 2713 1176 2757 numero

136 2795 211 2883 jure
233 2791 506 2859 commemorandi
529 2801 603 2858 sunt
623 2794 663 2874 ei,
686 2793 742 2880 qui
764 2791 807 2860 ad
831 2791 928 2877 longe
943 2792 1098 2878 majorem
1118 2815 1173 2879 po·

142 2896 271 2962 tentiam
295 2896 397 2960 evecti
419 2904 510 2980 sunt,
540 2895 642 2962 Siculi
664 2895 804 2982 tyranni.
818 2893 979 2982 (Thucyd.
1002 2894 1028 2963 1.
1052 2892 1105 2976 17)
1129 2895 1177 2961 Si-

142 2998 216 3064 cilia
238 2999 324 3063 enim
347 2997 388 3064 ab
411 2999 457 3064 eis
472 2997 549 3064 inde
570 2997 780 3087 temporibus,
802 2997 920 3086 quibus
944 2995 1011 3061 illic
1025 2995 1174 3064 coloniae

141 3101 238 3168 condi
267 3111 399 3189 coeptae
427 3112 519 3185 sunt,
549 3103 697 3190 tyrannis
728 3101 894 3189 aliquanto
927 3100 1075 3167 omnibus
1102 3101 1177 3168 aliis

141 3214 298 3272 terrarum
320 3205 507 3290 regionibus
527 3206 665 3271 l'eracior
684 3205 753 3276 fuit
810 3203 927 3270 lustin.
950 3203 1007 3274 lv.
1030 3199 1060 3272 2.
1107 3203 1179 3270 Cic.

140 3311 174 3374 in
195 3308 288 3378 Verr
310 3309 350 3376 V.
374 3305 417 3377 56
439 3307 464 3399 ξ
487 3304 549 3376 145
580 3309 672 3393 ,tulit
695 3309 780 3374 enim
803 3307 862 3374 illa
885 3307 1049 3396 quondam
1068 3307 1174 3375 insula

127 3411 328 3478 'multost
296 3419 328 3477 et
361 3411 508 3478 crudeles
539 3418 734 3536 tyrannos“;
773 3411 940 3479 Constant
976 3411 1096 3498 Porph.
1131 3412 1173 3478 de

142 3517 290 3582 Themat.
312 3514 361 3598 ll,
384 3514 427 3582 10
456 3511 513 3600 ,ad
539 3509 672 3598 ἀρχαῖον
694 3539 773 3604 αντη
798 3510 818 3602 ἡ
840 3515 937 3601 νῆσος
954 3509 1174 3598 ἐτυραννεῖτο,

140 3619 192 3686 ἵνα
213 3613 260 3707 μὴ
280 3619 370 3702 λέγω,
396 3616 628 3705 ἐβασιλεύετο.“
693 3618 759 3686 Sed
783 3618 832 3684 his
856 3618 985 3683 demum
1015 3617 1174 3704 prioribus

140 3724 287 3813 tyrannis
328 3723 565 3811 imperantibus
609 3721 649 3787 de
685 3721 815 3788 Siciliae
846 3720 979 3787 historia
1020 3722 1077 3806 agi
1118 3742 1175 3808 po·

140 3835 218 3910 test;
239 3850 322 3894 ¹num
351 3850 451 3917 quum
480 3850 532 3894 res
559 3826 691 3898 illarum
721 3823 922 3892 coloniarum
951 3823 1176 3914 minimilpno·

142 3933 242 4001 menti
264 3943 387 4012 essent,
419 3954 477 4020 per
506 3930 662 3998 ducentos
692 3951 795 3997 annos
819 3927 1014 3996 omniafere
1041 3936 1177 4017 propter
