2920 5046
817 443 839 512 4

312 639 371 709 111.
392 633 451 722 52,
473 631 532 719 53,
554 630 606 704 80.
650 633 692 706 V.
712 628 771 715 27,
802 627 861 716 44,
892 625 950 714 46,
977 623 1137 710 92,109,
1166 620 1340 708 110,113.

313 735 437 824 11123,
459 735 512 821 24,
536 733 589 822 36,
611 731 684 803 127.
728 731 850 826 17116,
874 728 944 800 154.
976 727 1164 822 7111137.
1208 728 1268 795 IX.
1282 725 1342 794 116

316 843 461 909 conferre
486 840 576 918 licet,
605 839 722 926 quibus
751 839 832 902 locis
854 835 930 901 addi
953 842 1058 920 potest
1087 832 1280 897 scholiastae
1301 831 1342 896 ad

314 947 413 1013 Arist.
426 943 566 1010 Acharn.
576 966 606 1010 v.
621 938 661 1008 61
684 939 864 1006 adnotatio:
887 936 954 1002 alia
973 938 1068 1001 etiam
1083 934 1233 1022 exempla
1255 934 1342 1022 apud

313 1049 542 1115 Drumannum
564 1045 619 1134 (de
638 1045 784 1132 tyrannis
814 1041 1014 1106 Graecorum
1035 1060 1068 1124 p.
1081 1034 1112 1120 7)
1128 1039 1343 1103 inveniuntur.

273 1221 275 1225 ,
315 1151 497 1215 Larcherus
528 1157 634 1212 tamen
665 1147 707 1211 ad
728 1143 851 1210 Herod.
873 1143 932 1208 III.
954 1137 1009 1223 80,
1040 1141 1117 1222 hoc,
1146 1162 1209 1228 quo
1233 1161 1342 1225 regem

316 1252 493 1338 significat,
523 1273 620 1316 sensu
649 1247 738 1336 apud
760 1267 875 1334 prosae
898 1245 1069 1330 scriptores
1093 1243 1223 1330 tyranni
1246 1264 1341 1307 voca-

315 1355 429 1422 bulum
451 1376 595 1442 unquam
617 1353 757 1442 positum
782 1370 852 1414 esse
873 1348 1022 1432 negavit,
1045 1345 1087 1411 ad
1115 1367 1251 1432 eamque
1273 1367 1341 1410 sen-

315 1459 449 1523 tentiam
487 1457 681 1522 Orcuzerum
715 1452 905 1532 commovit,
951 1471 1048 1536 quem
1085 1450 1246 1535 posterius
1282 1447 1342 1512 hoc

313 1559 428 1626 fecisse
453 1559 630 1646 poenituit;
652 1555 692 1624 ef.
718 1553 858 1619 addend.
881 1551 924 1617 ad
952 1551 1060 1636 frgmt.
1084 1549 1192 1615 histor.
1214 1573 1247 1636 p.
1268 1543 1341 1618 234.

317 1663 400 1744 ,His
417 1683 492 1746 ergo
508 1661 597 1741 viris,
620 1667 707 1722 recte
721 1647 825 1744 inqriit
837 1655 976 1720 Ebertus
991 1653 1115 1722 dissert.
1132 1652 1230 1718 Sicul.
1246 1676 1279 1739 p.
1290 1649 1342 1736 55,

315 1787 431 1852 parum
465 1762 565 1828 fuisse
597 1760 741 1840 videtur,
774 1757 862 1846 quod
887 1757 1076 1822 Ammonius
1109 1755 1149 1820 ab
1178 1755 1342 1821 Herodoto

315 1865 470 1932 Croesum
501 1875 532 1930 et
558 1863 716 1948 τύραννον
747 1870 779 1926 et
802 1861 936 1946 ’βασιλέα
966 1861 1029 1924 dici
1062 1858 1341 1942 animadverterat,

313 1979 427 2034 neuter
449 1969 533 2033 enim
555 1967 650 2052 hujus
673 1965 870 2052 grammatici
892 1963 1067 2028 meminit.“
1110 1961 1194 2048 Nam
1213 1961 1342 2027 Ammo·

264 2105 271 2126 s
313 2072 386 2136 nius
411 2092 437 2135 s.
459 2093 489 2139 v.
515 2079 558 2156 (p.
580 2064 654 2152 132,
677 2068 727 2136 ed.
750 2065 883 2152 Valck.)
903 2063 1059 2151 eripueras
1087 2065 1121 2131 οἱ
1140 2065 1265 2150 ἀρχαῖοι
1286 2062 1342 2130 ἐπὶ

302 2174 469 2259 ,βασιλέως
492 2169 627 2237 ἔτασσον
649 2194 694 2258 sq.
746 2169 826 2235 Item
856 2170 891 2232 in
912 2169 1023 2234 multis
1045 2165 1199 2254 Aeschyli
1219 2177 1251 2232 et
1272 2167 1342 2230 Ari-

314 2275 480 2364 stophanis
508 2273 588 2339 loeis
613 2272 688 2340 Jovi
717 2273 779 2360 ipsi
809 2270 905 2336 modo
933 2275 1023 2338 θεῶν
1051 2274 1216 2358 τυραννίς,
1246 2269 1341 2334 modo

312 2378 457 2464 βασιλεία
485 2375 645 2441 tribuitur.
701 2375 806 2442 Simili
840 2397 969 2462 quoque
1002 2373 1098 2440 modo
1128 2372 1342 2460 Thucydides,

313 2482 378 2568 qui,
404 2501 501 2568 quem
523 2487 697 2565 tyrannum
719 2479 846 2561 vocitet,
867 2477 950 2542 bene
973 2479 1072 2559 novit,
1093 2473 1265 2561 μονάρχων
1286 2498 1343 2542 no·

312 2603 389 2646 men
409 2581 553 2668 tyrannis
576 2581 729 2668 impertit,
754 2583 800 2646 ita
819 2589 853 2644 ut
874 2588 961 2645 reete
984 2579 1158 2645 scholiasta
1179 2579 1221 2644 ad
1240 2579 1265 2648 l.
1281 2571 1343 2646 122

311 2681 384 2758 τοὺς
402 2680 580 2768 τυράννους
601 2685 683 2772 φησὶ
703 2674 889 2769 ,ἑιονοῖρχους
911 2683 1047 2748 adnotet.
1082 2682 1233 2746 Attamen
1255 2682 1343 2768 apud

315 2809 389 2853 eum
404 2789 474 2876 jam
494 2787 521 2852 I.
544 2783 586 2853 13
609 2789 794 2873 τυραννίδος
817 2796 849 2850 et
878 2787 1029 2872 πατρικαὶ
1049 2785 1206 2868 βασιλεῖαι
1228 2783 1343 2850 discer-

310 2901 442 2958 nuntur.
500 2889 590 2954 Addi
622 2893 717 2955 etiam
751 2899 887 2976 possunt
914 2890 1017 2955 Servii
1043 2888 1144 2954 verba
1173 2887 1215 2952 ad
1242 2887 1366 2974 Vergg

310 2994 392 3059 Aen.
414 2993 489 3058 VII.
510 2987 575 3057 266
610 2992 717 3078 ,apud
748 2991 891 3057 Graecos
921 2992 1050 3078 tyranni
1083 2999 1114 3055 et
1142 2993 1226 3077 regis
1254 2991 1344 3057 nulla

311 3094 479 3160 discretio“
512 3103 543 3159 et
571 3093 615 3158 ad
638 3093 720 3165 Aen.
742 3094 820 3177 Ν,
848 3091 913 3162 320
943 3093 1043 3179 „nihil
1072 3095 1227 3159 intererat
1255 3093 1343 3181 apud

309 3197 449 3282 majores
478 3198 562 3262 inter
594 3217 704 3282 regem
739 3207 770 3262 et
801 3201 1005 3284 tyrannum.“
1065 3199 1183 3264 Postea
1212 3197 1344 3285 quidem

308 3298 463 3384 paulatim
492 3299 567 3364 huic
597 3299 757 3365 vocabulo
786 3301 979 3386 injustitiae,
1012 3301 1203 3387 impietatis,
1233 3301 1344 3366 crude·

309 3399 408 3465 litatis
431 3411 490 3471 eet.
512 3424 618 3466 novae
640 3405 1027 3471 accreverunt‘notiones.
1133 3433 1134 3436 ¹

372 3503 468 3583 Quod
491 3503 609 3568 deinde
631 3505 675 3570 ad
699 3515 830 3592 etymon
852 3507 942 3570 vocis
957 3503 1112 3590 τύραννος
1133 3509 1256 3592 attinet,
1273 3510 1343 3596 jam

307 3615 431 3674 veteres
448 3607 532 3672 inter
555 3629 590 3674 se
614 3609 823 3692 dissentiunt;
853 3607 894 3674 de
925 3631 1062 3696 quorum
1075 3673 1077 3678 ,
1090 3612 1186 3676 variis
1215 3621 1344 3676 senten-

302 3710 360 3776 tiis
390 3709 530 3776 Ebertus
561 3711 638 3776 diss.
667 3711 765 3781 Sicul.
795 3733 828 3798 p.
850 3706 892 3778 28
919 3735 965 3799 sq.
994 3723 1144 3780 accurate
1174 3714 1342 3799 disseruit;

308 3812 461 3901 equidem
484 3815 738 3880 consentientem
767 3815 871 3880 habeo
894 3814 1112 3882 clarissimum
1128 3815 1342 3902 Boeckhium,

306 3915 418 4008 (Oorp.
441 3915 525 3986 Insc.
557 3917 672 3986 Graec.
691 3919 734 3990 Il.
764 3943 797 4007 p.
818 3915 894 4025 308)
923 3923 978 4008 qui
1006 3921 1069 3986 hoc
1097 3919 1292 3987 vocabulum
1317 3945 1344 3993 ,a
