2920 5046
812 457 834 528 6

312 655 485 743 demagogi
506 610 720 720 multitudinis
744 657 830 716 sorte
852 669 912 716 sua
932 667 999 714 non
1020 651 1190 713 contentae
1210 645 1268 713 sed
1289 667 1341 712 ro-
1434 723 1435 732 ἵ

311 782 383 828 rum
413 757 597 825 mutationis
626 753 764 841 cupidae
794 753 934 818 miseriis
962 747 1176 816 medicaturos
1204 771 1239 814 se
1268 771 1340 814 esse

310 863 518 950 promittunt;
550 880 615 947 qua
644 878 704 944 per
732 854 842 922 dolum
865 863 960 941 capta
980 852 1043 919 sibi
1066 854 1128 940 ipsi
1150 851 1339 918 dominatio·

311 987 388 1032 nem
410 969 579 1052 occupant.

377 1057 451 1147 Qua
471 1067 525 1133 via
546 1086 585 1130 ac
605 1063 728 1130 ratione
748 1061 812 1130 hac
830 1069 987 1149 potestate
1005 1059 1098 1148 potiti
1119 1066 1204 1142 sunt,
1226 1055 1339 1122 cadem

311 1169 365 1252 fit,
395 1179 433 1235 ut
460 1178 492 1235 et
513 1168 702 1256 praesertim
732 1167 901 1252 optimates
921 1169 1084 1252 premant,
1116 1183 1177 1227 nec
1205 1181 1339 1246 semper,

312 1293 396 1359 quae
425 1270 596 1337 multitudo
625 1269 683 1336 illa
713 1276 819 1356 optet,
848 1266 979 1332 faciant
1034 1266 1142 1346 Quum
1171 1272 1278 1330 autem
1306 1261 1339 1327 ri

314 1383 370 1440 aut
398 1372 471 1440 dolo
494 1373 626 1462 tyranni
643 1371 721 1438 facti
740 1379 865 1453 essent,
897 1368 1018 1435 eisdem
1048 1366 1170 1433 artibus
1198 1364 1341 1430 domina·

311 1485 380 1542 tum
404 1477 487 1543 tueri
510 1477 595 1544 soliti
616 1483 707 1557 sunt,
739 1495 838 1560 quam
858 1471 899 1538 ob
924 1494 995 1537 rem
1012 1493 1089 1536 mox
1110 1469 1158 1536 ab·
1174 1470 1219 1533 sis
1241 1489 1339 1556 quum

312 1580 483 1668 optimates
505 1589 573 1645 tum
593 1576 768 1666 populares
787 1573 1059 1643 abalienabantur.

373 1681 489 1770 Itaque
496 1681 674 1769 pleraeque
684 1677 874 1766 tyrannides
885 1699 999 1765 parum
1012 1675 1182 1744 diuturnae
1194 1673 1339 1741 fuerunt:

314 1782 495 1851 stabiliores
516 1781 574 1848 illa
597 1780 801 1866 Orthagurea
823 1801 999 1868 eorumque
1031 1780 1088 1868 qui
1117 1801 1192 1845 eum
1215 1778 1340 1865 sequuti

312 1894 387 1952 sunt
408 1885 564 1976 Sicyone,
595 1883 714 1949 deinde
738 1882 988 1971 Cyps'elidarum
1011 1881 1175 1962 Corinthi,
1201 1891 1271 1946 tum
1291 1880 1342 1946 Pi·

312 1988 545 2054 sistratidarum
568 1986 724 2068 Athenis,
744 1995 814 2052 tum
835 1985 1098 2051 Leuconidarum
1122 1987 1157 2050 in
1180 1984 1337 2071 Bosporo,

311 2099 473 2179 postremo
497 2089 679 2158 Siculorum
701 2087 871 2177 Syracusis
892 2089 1091 2154 constitutae.
1136 2087 1341 2174 Quamquam

311 2199 522 2281 tyrannorum
536 2213 691 2278 magnum
715 2191 847 2280 quidem
862 2213 1031 2257 numerum
1046 2191 1210 2274 habemus,
1231 2201 1340 2257 tamen

313 2294 355 2361 de
373 2297 486 2383 paucis
508 2304 635 2362 tantum
657 2317 721 2384 quo
752 2295 847 2360 modo
871 2317 912 2360 ex
940 2295 1085 2382 ipsorum
1106 2294 1272 2380 dignitatis
1293 2291 1339 2357 al·

255 2411 258 2417 ’
312 2398 435 2464 tissime
458 2399 563 2485 gradu
592 2398 685 2486 ejecti
707 2398 772 2464 sint
802 2399 953 2463 certiores
985 2398 1062 2464 facti
1094 2420 1214 2464 sumus.
1256 2395 1340 2462 Nam

311 2500 472 2589 plurimae
502 2500 691 2590 tyrannides
721 2523 820 2589 opum
862 2501 1089 2590 potentiaeque
1116 2509 1240 2568 tantam
1274 2521 1339 2564 am-

311 2603 504 2691 plitudinem
540 2613 654 2671 nactae
685 2627 753 2670 non
784 2612 876 2688 sunt,
908 2614 944 2670 ut
965 2604 1124 2670 historicis
1148 2605 1245 2694 justis
1268 2625 1341 2691 ope·

311 2707 356 2772 ris
384 2716 608 2796 argumentum
635 2707 793 2796 praebere
821 2707 1015 2778 viderentur.
1074 2707 1140 2774 Sed
1170 2708 1340 2774 observare

313 2809 347 2874 in
378 2803 588 2899 tyrannorum
611 2809 809 2897 Graecorum
839 2810 1058 2898 antiquiorum
1087 2809 1220 2875 historia
1246 2810 1340 2876 nobis

311 2911 387 2979 licet
415 2935 649 3002 saepenumero
678 2915 807 2982 tertium
836 2911 1032 2979 obtinentem
1061 2915 1249 3001 imperium,
1273 2913 1340 3002 {qui

256 3093 258 3096 v
312 3038 355 3081 ex
376 3016 532 3082 nascendi
561 3015 703 3094 claritate
725 3036 880 3101 arrogans
910 3024 942 3081 et
972 3016 1129 3104 superbus
1163 3016 1267 3084 factus
1290 3017 1338 3098 sit,

310 3117 558 3204 praecipitatum
590 3139 667 3187 esse.
725 3117 766 3186 cf.
799 3117 928 3185 Aristot
961 3119 1030 3186 Pol.
1062 3119 1122 3206 V,
1151 3115 1209 3189 8.“
1240 3120 1338 3190 Diod.

310 3218 369 3290 XI.
375 3267 385 3303 ,
414 3214 467 3286 53.
587 3292 599 3318 0

374 3321 515 3410 Optimis
536 3315 613 3390 vero
635 3323 782 3414 tyrannis
804 3332 889 3391 certo
909 3326 1126 3413 Orthagoram
1149 3329 1281 3416 ejusque
1302 3325 1339 3392 li-

310 3426 423 3510 beros,
450 3425 645 3514 Cypselum,
681 3427 899 3512 Pisistratum,
936 3427 1090 3494 Gelonem
1126 3429 1340 3496 adnumerare

310 3549 491 3618 possumus.
543 3528 593 3594 Ac
621 3519 752 3596 fuerunt
782 3530 963 3618 complures
989 3534 1119 3621 tyrami
1147 3534 1231 3599 inter
1251 3534 1339 3600 viros

309 3630 411 3698 bonos
448 3631 664 3722 honestosque
697 3632 875 3716 referendi,
926 3637 981 3724 qui
1015 3636 1121 3703 studio
1156 3635 1338 3702 liberalium

310 3733 529 3801 doctrinarum
555 3735 738 3822 flagrabant
766 3745 863 3825 atque
893 3738 1043 3807 excultae
1080 3741 1248 3828 cujusdam
1277 3740 1340 3805 ele·

310 3839 442 3924 gantiae
479 3847 584 3924 orant,
626 3839 758 3906 fuerunt
793 3841 871 3926 viri,
916 3865 1054 3932 quorum
1090 3842 1336 3910 familiaritatem

311 3943 428 4008 summi
449 3941 484 4008 id
498 3944 650 4030 temporis
665 3952 790 4031 poetae,
811 3953 848 4013 ut
862 3945 976 4034 Arion,
997 3947 1126 4036 ibycus,
1147 3946 1338 4031 Simonides,
