2920 5046
649 466 691 537 13

47 705 51 711 .
152 654 347 720 Ammianus
369 653 577 722 Marcellinus
602 659 636 724 in
663 678 722 722 sua
740 677 840 744 opera
860 655 961 724 multa
983 649 1186 726 transtulisse

153 757 306 824 dicuntur
334 756 376 824 ab
397 756 559 824 Urlichsio
580 758 652 825 loeo
681 781 780 848 supra
803 757 948 825 laudato:
975 757 1038 825 ‘sed
1061 757 1184 826 dubita·

154 883 340 944 mus,1num
362 859 569 927 Marcellinus
584 861 740 928 Hecataei
763 863 864 950 ipsius
887 863 1014 950 scriptis
1036 883 1114 930 usus
1134 863 1185 945 sit,

73 971 75 974 ’
154 987 255 1052 quum
278 963 459 1030 haechisoe
473 965 673 1052 temporibus
696 987 762 1031 non
779 967 848 1053 jam
870 965 970 1030 fuisse
990 965 1059 1032 veri
1080 963 1186 1030 silnile

155 1069 207 1133 sit.
232 1067 416 1133 Hecataeus
428 1089 504 1132 vero
518 1066 628 1154 quoad
647 1069 813 1155 antiquam
822 1067 933 1151 Gelae,
943 1065 1186 1154 Syracusarum,
1284 1081 1291 1092 ·

157 1169 290 1236 aliarum
301 1169 449 1235 inSicilia
457 1169 655 1236 coloniarum
665 1171 829 1236 historiam
845 1169 1061 1256 descripserit,
1072 1191 1091 1235 e
1101 1170 1186 1256 frag·

156 1274 273 1338 mentis
291 1295 357 1338 non
372 1274 607 1358 cognoscimus.
635 1273 678 1338 Et
687 1271 799 1339 Sicilia
816 1275 948 1338 omnino
960 1294 1064 1360 usque
1077 1271 1119 1338 ad
1130 1272 1186 1338 illa

156 1385 305 1462 tempora
316 1375 463 1440 nondum
478 1380 565 1457 eatis,
589 1384 625 1440 ut
641 1378 711 1462 jam
731 1398 829 1462 supra
854 1375 1006 1457 diximus,
1033 1376 1186 1442 materiae

74 1551 81 1555 ,
156 1476 304 1564 praebuit
316 1479 478 1564 scriptori:
498 1479 533 1541 in
546 1477 691 1543 Siciliam
706 1477 836 1564 quidem
849 1476 1023 1564 pleraeque
1041 1477 1188 1543 coloniae

157 1579 315 1646 deductae
336 1589 419 1660 sunt,
444 1579 560 1646 sedne
582 1581 695 1668 jejuno
719 1580 851 1668 quidem
864 1581 985 1646 auctori
1002 1579 1187 1646 satisfacere

158 1685 271 1770 potuit.
316 1683 438 1748 Omnes
462 1681 598 1748 Gelonis
626 1705 677 1748 res
700 1682 882 1748 Hecataeus
910 1705 978 1748 non
1001 1680 1188 1769 descripsit3

135 1809 231 1852 -nam
255 1786 382 1851 etiamsi
411 1807 475 1872 quo
503 1807 590 1850 anno
620 1793 764 1852 mortuus
792 1787 832 1850 sit
865 1784 1018 1850 traditum
1046 1807 1112 1850 non
1141 1793 1190 1850 est

158 1899 266 1954 tamen
289 1898 374 1953 certe
396 1909 470 1952 eum
498 1910 564 1953 non
593 1887 693 1953 multo
725 1898 799 1974 post
821 1887 980 1975 proelium
1008 1887 1097 1975 apud
1116 1887 1189 1952 Pla·
1307 1939 1309 1944 ,

157 2001 247 2056 taeas
278 1989 482 2055 commissum
509 1989 595 2054 diem
625 1990 742 2056 obiisse
776 1990 937 2056 affirmare
965 1989 1049 2058 licet.
1104 1990 1190 2054 Fieri

158 2102 264 2158 autern
280 2093 384 2180 potuit
391 2139 400 2174 ,
428 2103 581 2179 utquam
604 2092 742 2158 aliorum
771 2103 984 2180 tyrannorum
1006 2092 1188 2158 Siculorum

157 2205 227 2260 tum
245 2195 379 2260 Gelonis
403 2203 572 2260 stemmata
593 2196 627 2259 in
644 2195 841 2281 genealogiis
862 2203 1080 2281 pertractaret.

218 2297 363 2380 Deinde,
395 2307 502 2363 utrum
529 2296 738 2363 Hellanicum
765 2297 950 2364 Herodotus
983 2299 1190 2385 exscripserit

159 2402 333 2488 quaeritur,
355 2422 397 2466 an
409 2424 484 2466 non.
520 2399 594 2480 Qua
615 2401 649 2464 in
664 2402 905 2489 roinquirenda
920 2402 1098 2467 sententiae
1119 2409 1190 2466 tum

51 2491 71 2554 ἶ
158 2512 319 2586 veterum,
343 2512 411 2568 tum
432 2503 644 2568 recentiorum
668 2502 817 2570 diversae
835 2511 923 2570 sunt:
950 2525 1026 2568 nam
1049 2503 1106 2568 alii
1126 2503 1192 2569 He·

159 2607 309 2672 rodotum
340 2627 383 2670 ex
412 2604 498 2670 illius
529 2606 693 2672 veterioris
723 2608 890 2693 scriptoris
920 2626 1017 2693 opere
1038 2606 1193 2690 hausisse,

160 2709 214 2776 alii
238 2707 445 2774 Hellanicum
466 2709 552 2773 hunc
574 2711 783 2796 exscripsisse
810 2708 933 2777 volunt.

225 2811 420 2878 Secumdum
442 2812 579 2900 Dionys.
601 2811 678 2878 Hal.
702 2833 753 2898 ep.
784 2811 826 2876 ad
845 2811 959 2897 Pomp.
983 2805 1046 2876 129
1072 2811 1194 2878 bellum

160 2917 330 2982 Persicum
355 2923 429 2980 ante
450 2913 652 2979 Herodotum
681 2913 731 2995 bis
753 2913 951 3000 descriptum
977 2922 1039 2995 cst,
1068 2937 1089 2978 a
1111 2912 1195 2978 Cha

163 3041 244 3084 rone
258 3018 481 3105 Lampsaceno
504 3025 537 3082 et
550 3016 722 3082 Hellanieo
732 3016 945 3106 Mitylenaeo:
966 3015 1066 3080 nihilo
1087 3016 1195 3080 minus

163 3121 282 3188 Suidas
305 3143 330 3186 s.
351 3145 382 3189 v.
405 3119 500 3207 hujus
523 3129 660 3185 aetatem
682 3120 866 3186 incredibili
879 3121 952 3185 lere
974 3129 1104 3206 stupore
1126 3141 1196 3207 per·

162 3224 314 3292 turbavit.
349 3223 424 3288 Fuit
438 3223 524 3287 enim
539 3221 730 3288 Hellanicus
745 3223 847 3289 Suida
861 3231 942 3288 teste
961 3221 1020 3289 sub
1036 3222 1197 3310 Amyntae

163 3329 251 3413 regis
265 3326 476 3392 Macedoniae
496 3348 598 3412 regno
612 3324 669 3408 (Ol
694 3325 782 3409 LVl,
799 3323 936 3414 duaque
954 3326 997 3392 ad
1010 3325 1061 3397 01.
1074 3326 1197 3404 LXIX,

151 3431 185 3506 ⁴l
208 3433 276 3496 sive
296 3431 336 3495 ab
361 3425 640 3512 ann0552-503)
663 3451 766 3517 usque
787 3430 829 3495 ad
851 3440 999 3518 tempora
1013 3430 1197 3512 Perdiccae,
1247 3489 1256 3502 ,

167 3535 224 3622 qui
245 3556 329 3599 anno
360 3527 907 3620 quadringentesimo‘sexagesimo
929 3533 1033 3620 primo
1062 3554 1198 3618 regnum

167 3637 349 3724 occupavit.
512 3621 513 3627 ἵ

232 3739 364 3827 ltaque,
392 3761 492 3826 quum
521 3739 687 3806 Lucienus
716 3740 758 3806 de
785 3740 927 3810 macrob.
952 3739 1012 3808 111.
1034 3733 1200 3808 224He1·

169 3842 312 3910 lanicum
334 3865 442 3933 annos.
468 3843 631 3928 octoginta
652 3845 797 3932 quinque
817 3844 939 3910 vixisse
962 3843 1064 3924 dicat,
1097 3841 1125 3906 si
1146 3839 1198 3910 Ol.

168 3940 307 4028 LXXX,
330 3944 358 4028 1,
380 3947 435 4017 vel
457 3946 620 4030 LXXXI,
649 3948 667 4014 1
692 3948 777 4014 diem
797 3946 932 4030 obierit,
966 3945 1019 4013 Ol.
1042 3943 1145 4026 LVII,
1168 3939 1199 4027 3,
