2920 5046
781 445 825 518 14

282 635 336 706 vel
355 636 474 723 LVIII,
496 632 528 723 3,
551 639 574 707 l.
596 659 624 710 e.
645 659 730 706 anno
752 631 817 706 550
837 637 891 704 vel
909 631 974 705 546
1001 644 1097 704 natus
1127 643 1184 703 est.
1238 635 1309 702 Fal·

281 763 354 807 sum
375 750 484 808 autem
504 741 567 808 hoc
584 763 654 808 esse
678 741 747 830 jam
768 761 787 806 e
809 740 927 808 Suidae
948 742 1109 808 sententia
1135 739 1235 826 ipsius
1253 759 1310 826 ap·

281 851 390 930 paret,
418 845 473 932 qui
498 843 703 912 Hellanioum
728 843 915 932 Sophoclis,
943 843 1117 926 Herodoti,
1143 840 1310 928 Euripidis

282 946 451 1035 aequalem
483 947 576 1028 facit,
608 969 744 1035 qnorum
780 949 858 1012 anni
892 946 1015 1014 natales
1045 947 1079 1011 in
1108 943 1162 1010 01.
1185 941 1310 1027 LXXI,

174 1073 180 1086 ·
281 1049 435 1132 LXXIV,
458 1049 585 1117 LXXV
607 1049 762 1120 incidunt.
805 1049 878 1117 dam
901 1049 989 1139 apud
1012 1045 1211 1116 (11111111.
1234 1044 1311 1129 XV,

281 1144 324 1218 23
361 1174 379 1217 1
406 1151 490 1220 libro
521 1152 693 1220 undecimo
721 1153 910 1243 Pamphilae
936 1152 1073 1238 legimus
1102 1149 1311 1216 Hellanicum

282 1253 374 1320 initio
404 1254 483 1321 belli
499 1255 767 1344 Peloponnesiaci
795 1256 894 1323 fuisse
921 1255 1066 1344 quinque
1088 1262 1120 1321 11
1141 1252 1312 1338 sexaginta

282 1379 384 1424 annos
406 1367 517 1425 natum
538 1358 660 1443 videri,
690 1359 892 1426 Herodotum
921 1367 986 1424 tres
1009 1367 1041 1424 11
1064 1356 1311 1446 quinquaginta.

132 1447 137 1462 ⁴
228 1532 233 1542 x
280 1460 453 1550 Pamphila
475 1461 536 1528 illa
550 1461 610 1530 sub
624 1462 761 1529 Neronis
776 1464 911 1550 imperio
926 1461 1041 1544 floruit,
1065 1470 1097 1528 et
1112 1479 1312 1548 quamquam

281 1565 471 1652 saepissime
492 1565 610 1632 idonea
632 1566 723 1632 testis
748 1587 768 1631 a
788 1565 939 1652 Diogene
960 1564 1089 1630 Laertio
1114 1571 1146 1627 11
1164 1561 1311 1628 aPhotio

280 1666 438 1750 laudatur,
467 1677 575 1733 tamen
597 1667 652 1732 hic
674 1669 793 1734 erravit
813 1670 1046 1756 minimumque
1065 1665 1235 1753 gravitatis
1255 1663 1313 1728 ha

279 1769 337 1836 bet
360 1771 430 1858 jam
452 1792 491 1836 ea
509 1769 550 1836 de
573 1792 689 1855 causa,
718 1773 793 1859 quia
823 1771 916 1836 illum
941 1772 1030 1837 initio
1058 1767 1138 1836 belli
1165 1767 1311 1855 quinque

281 1882 312 1939 et
327 1874 496 1958 sexaginta
509 1873 845 1940 annosfuisaenatum
865 1873 1001 1941 videri
1023 1873 1110 1938 dicit.
1139 1871 1312 1938 Praeterea

222 2007 224 2012 a
280 1983 390 2042 autem
417 1975 625 2042 Hellanicum
656 1987 730 2064 post
761 1999 906 2064 pugnum
938 1977 981 2044 ad
1008 1977 1189 2062 Arginusas
1223 1993 1322 2050 anno¹

281 2074 599 2167 quadringentesimo
629 2087 720 2145 sexto
750 2079 869 2146 factam
902 2082 936 2148 in
965 2078 1142 2147 scribendis
1169 2076 1328 2166 historiis*-

280 2179 388 2247 adhuc
417 2191 609 2270 occupatum
638 2182 739 2248 fuisse
767 2183 883 2271 probat
912 2183 1013 2250 schol.
1043 2181 1086 2248 ad
1108 2181 1204 2250 Arist.
1226 2179 1309 2246 Ran.

279 2306 310 2352 v.
334 2279 397 2352 706
426 2284 525 2365 (Helb
548 2283 655 2370 frgmt.
677 2281 732 2366 801
756 2287 795 2354 cf.
816 2286 1014 2354 Dahlmann.
1036 2291 1063 2352 Ι.
1087 2282 1104 2352 1
1133 2275 1209 2372 pag.
1233 2278 1306 2352 124.

279 2386 503 2454 Dubitandum
538 2388 635 2473 igitur
664 2412 729 2456 non
765 2399 813 2456 111
847 2383 902 2482 (11.
931 2387 1060 2456 Mulleri
1089 2386 1112 2454 f.
1143 2389 1174 2452 h.
1204 2408 1253 2473 gr.
1280 2383 1308 2450 1.

278 2513 311 2578 p.
328 2489 459 2572 XXIV)
495 2491 573 2578 quin
609 2491 651 2558 ad
687 2515 799 2560 verum
832 2493 973 2558 maxime
1006 2489 1176 2578 procedat*
1197 2495 1310 2554 auctor

278 2594 445 2682 Euripidis
466 2595 562 2678 vitae,
583 2593 637 2658 ubi
659 2595 749 2663 initio
764 2591 1033 2685 »1111161111ιῆ
1048 2594 1089 2682 τῇ
1104 2589 1185 2681 αὐτῇ
1208 2591 1309 2680 ἡμέρᾳ

278 2698 330 2766 καὶ
344 2693 532 2778 Ἑλλάνων,
553 2695 590 2764 ἐν
604 2681 628 2788 ᾗ
642 2695 755 2769 ἐνίκων
770 2696 828 2788 τὴν
841 2701 921 2786 περὶ
935 2699 1110 2782 Σαλαμῖνα,
1132 2701 1309 2780 ναυμαχίαν

102 2791 104 2794 ’
187 2833 191 2839 ·
278 2796 478 2888 οἱἛλληνες.
531 2801 799 2886 „Accuratissime
827 2803 907 2868 haec
936 2801 1020 2868 dicta
1049 2821 1120 2866 esse
1147 2803 1205 2866 vix
1235 2799 1309 2864 con-

277 2903 482 2998 tenderimus.
520 2902 638 2988 Quare,
662 2908 688 2971 si
709 2915 822 2972 contra
837 2927 991 2993 expressa
1010 2904 1112 2972 verba
1134 2901 1309 2970 testimonii

277 3009 482 3096 conjecturae
503 3005 673 3092 indulgere
695 3007 822 3092 liceret,
843 3007 985 3074 natalem
1008 3031 1130 3073 annum
1148 3005 1309 3072 Hellanici

277 3111 312 3176 in
333 3109 496 3176 veteribus
519 3107 673 3195 catalogis
695 3111 836 3198 positum
856 3120 1041 3197 putaremus
1064 3103 1157 3178 482.“

341 3211 527 3278 Herodotus
555 3233 716 3299 nusquam
745 3212 832 3278 illius
861 3215 1018 3298 meminit3
1061 3213 1149 3302 quod
1177 3211 1307 3301 quidem

276 3314 403 3382 nullum
427 3321 475 3378 111
494 3315 722 3401 testimonium,
743 3326 780 3384 ut
800 3317 857 3383 illo
872 3339 950 3383 usus
965 3339 1031 3382 non
1050 3319 1107 3384 sit:
1128 3338 1206 3382 nam
1226 3314 1307 3380 haec

277 3428 326 3486 111
356 3418 453 3484 totius
487 3420 653 3484 vestutatis
689 3420 910 3507 reprehensio,
945 3419 1033 3508 quod
1066 3421 1237 3508 scriptores
1271 3419 1307 3483 in

275 3519 520 3590 auctoritatibus
554 3543 633 3609 quas
654 3522 871 3610 sequebantur
898 3523 1100 3610 apponendis
1122 3545 1237 3610 parum
1259 3521 1307 3586 di·
1426 3518 1433 3527 '

274 3625 413 3713 ligentes
436 3624 574 3693 fuerunt.
619 3625 744 3692 Tamen
767 3625 918 3692 nonnulli
940 3635 1020 3692 sunt
1037 3627 1110 3710 loci,
1133 3625 1306 3713 inquibus

274 3734 359 3798 inter
377 3751 413 3796 se
435 3727 643 3812 dissentiuut;
665 3732 711 3796 ita
729 3729 770 3799 cf.
792 3729 899 3815 frgmt
923 3726 984 3798 151
1006 3737 1070 3818 (ap.
1095 3730 1211 3795 Athen.
1228 3725 1304 3798 XV.

274 3829 341 3902 680
361 3833 403 3915 Β)
425 3853 497 3898 oum
519 3831 641 3903 Herod.
665 3831 709 3898 11.
731 3829 811 3918 1613
834 3833 941 3918 frgmt.
964 3829 1027 3901 166
1053 3839 1119 3920 (ap.
1140 3831 1240 3900 schol.
1262 3828 1305 3897 ad

273 3937 391 4007 Aesoh.
414 3937 505 4007 Pers.
529 3931 604 4022 719)
629 3957 702 4002 cum
726 3936 803 4003 Her.
825 3935 899 4009 VII.
921 3931 944 4005 2
966 3935 1042 4009 alia.
