2920 5046
666 482 709 555 47

176 669 413 756 aequinoctium
436 669 641 738 auotumnale
664 671 859 752 (antediem
874 671 949 738 VII.
973 671 1196 754 Gal.0ctbr.);

175 772 263 836 omni
292 772 390 856 igitur
416 771 513 837 modo
545 771 691 845 redeunti
717 772 807 862 plebi
840 775 915 840 satis
943 776 1097 862 temporis
1125 773 1193 855 fuit,

173 882 211 938 ut
233 894 328 958 agros
358 873 477 939 coleret
499 883 532 939 et
554 874 751 940 credendum
774 885 823 944 est
844 898 924 959 eam,
946 899 1029 964 quae
1047 876 1097 942 his
1115 886 1194 942 tem·

173 973 306 1060 poribus
328 977 500 1063 praecipue
514 998 556 1041 ex
571 978 750 1044 aratoribus
766 969 914 1058 constitit,
934 981 1002 1067 jam
1022 980 1072 1044 sui
1094 980 1194 1066 ipsius

172 1096 271 1141 causa
292 1076 353 1142 hoc
374 1099 439 1143 non
462 1077 655 1165 neglexisse.
704 1079 828 1146 Tamen
863 1081 1010 1169 sequenti
1037 1102 1122 1146 anno
1145 1102 1195 1146 ca-

171 1179 249 1244 ritas
273 1200 343 1244 esse
363 1181 535 1266 potuisset;
564 1204 677 1246 verum
699 1180 761 1246 hac
781 1203 816 1247 re
845 1182 879 1246 in
901 1183 1119 1269 suspicionem
1139 1204 1196 1248 vo·

170 1290 276 1357 catur,
304 1282 391 1368 quod
416 1280 510 1370 hujus
537 1281 684 1368 singulae
711 1306 763 1349 res
787 1285 977 1350 narrationis
1010 1293 1196 1370 congruunt

170 1405 244 1448 cum
265 1382 329 1449 illis
350 1405 507 1450 annorum
527 1386 739 1472 posteriorum
750 1381 814 1452 433
836 1395 867 1451 et
887 1382 950 1452 411
973 1383 1078 1454 rebus.
1110 1385 1194 1451 Nem

170 1507 256 1552 anno
275 1482 338 1552 411
360 1505 488 1574 quoque
509 1486 608 1572 legati
630 1489 664 1551 in
675 1483 848 1570 Etruriam,
872 1487 1092 1574 Campaniam,
1114 1486 1194 1554 Sici·

169 1587 249 1652 liam
271 1589 447 1666 mittuntur,
469 1589 631 1677 iidemque
644 1589 754 1656 Gumis
769 1613 789 1656 s
803 1588 1001 1655 Samnitibus
1011 1589 1194 1676 'quominus

169 1689 331 1755 frumenta
352 1701 461 1756 emant
482 1691 717 1776 impediuntur3
748 1701 884 1778 utroque
912 1711 997 1756 anno
1020 1690 1193 1777 plurimum
1238 1685 1241 1692 ’

168 1789 320 1856 frumenti
348 1791 485 1860 Romam
516 1794 690 1860 secundum
720 1793 863 1861 Tiberim
892 1793 981 1858 venit
1015 1792 1100 1876 (Liv.
1123 1792 1193 1875 lv„

168 1886 221 1974 25,
243 1891 300 1962 IV.
323 1887 389 1975 52).
444 1894 529 1974 Quid
553 1897 625 1983 jam
655 1897 787 1962 tandem
818 1918 903 1962 anno
925 1891 988 1962 491
1021 1904 1194 1982 tyranmm

170 1993 316 2060 Siculum
340 2017 543 2062 commovere
564 1999 727 2084 potuisset,
748 2006 784 2062 ut
805 1997 958 2062 &manis
983 2005 1108 2062 tuntum
1128 2019 1194 2063 me·

170 2096 315 2161 dimnum
329 2120 499 2164 numerum
512 2099 597 2166 dono
612 2099 754 2166 faceret?
782 2099 895 2166 Livius
908 2099 1006 2184 igitur
1019 2097 1195 2185 prudenter

169 2198 262 2282 tecit,
292 2199 378 2286 quod
398 2201 524 2266 nullum
544 2223 663 2267 nomen
682 2201 823 2283 addidit,
851 2200 909 2266 sed
928 2209 1052 2266 tanturn
1082 2223 1195 2289 „quae-

169 2303 280 2381 situm,
308 2303 430 2389 inquit,
456 2305 490 2368 in
513 2303 656 2370 Siciliam
680 2307 847 2391 qnoque“;
881 2312 993 2368 contra
1015 2303 1194 2390 Dionysius

168 2403 328 2469 Licinium
341 2404 484 2470 Macrum
506 2415 538 2472 et
558 2406 697 2473 Gellium
717 2405 883 2472 annalium
904 2405 1075 2492 scriptores
1096 2407 1194 2471 istum

169 2504 296 2572 Siciliae
332 2514 506 2596 tyrannum
543 2507 735 2594 Dionysium
773 2508 989 2574 nominavisse
1027 2517 1194 2573 memorat.

43 2651 46 2658 .
170 2607 318 2688 Quadam
347 2631 424 2675 vero
455 2631 527 2674 oum
551 2610 701 2698 superbia
722 2610 900 2696 Dionysius
929 2611 999 2698 ipse
1020 2609 1104 2674 hano
1124 2608 1194 2674 illo-

169 2733 241 2776 rum
270 2711 405 2778 duorum
439 2713 628 2778 sententiam
658 2710 835 2810 improbat,
873 2710 961 2796 quod
992 2709 1040 2775 illi
1069 2733 1089 2776 a
1117 2732 1195 2776 vera

168 2815 320 2901 temporis
331 2816 454 2880 ratione
468 2815 688 2911 aherraverint
702 2834 741 2878 ac
751 2813 857 2900 potius
873 2811 1031 2876 Gelonem
1043 2812 1131 2878 hunc
1144 2822 1192 2900 ty·

148 2985 150 2989 ,
169 2937 307 2985 nannum
319 2916 556 3002 Syracusanum
571 2917 670 2982 fnisse
681 2913 855 2981 contendit.
883 2913 950 2979 Sed
965 2915 1059 2979 etiam
1071 2913 1194 3001 Diony·
1305 2945 1310 2956 1

170 3021 236 3086 sius
271 3028 355 3084 errat
381 3017 541 3085 Gelonem
573 3017 784 3106 Hippocratis
813 3016 944 3083 fratrem
970 3015 1140 3081 nominans
1162 3024 1194 3081 et

169 3123 304 3189 fortasse
325 3120 483 3186 Herodoti
511 3119 566 3185 illo
588 3119 661 3186 loco
691 3141 797 3186 errore
824 3127 937 3206 captus
964 3127 1028 3198 est,
1059 3119 1121 3183 nisi
1144 3127 1193 3199 (ut

169 3224 292 3290 Brunet
312 3222 353 3288 de
363 3221 474 3288 Presle
487 3223 693 3306 „recherches
716 3245 772 3288 sur
794 3221 843 3287 les
864 3221 1118 3316 ttahlissements
1134 3218 1193 3284 des

170 3325 272 3393 Grecs
294 3347 335 3390 en
357 3323 477 3408 Sicile“
500 3325 604 3412 [Paris
626 3320 723 3410 1845]
752 3346 783 3412 p.
808 3320 870 3390 121
900 3323 979 3406 vult)
1009 3323 1194 3410 Κλέανδρον

170 3429 313 3494 excisum
332 3435 389 3500 est.
444 3425 633 3492 Plutarchus
649 3449 743 3508 vero,
779 3426 962 3492 levissimus
990 3425 1048 3490 ille
1073 3434 1194 3504 auctor,

169 3530 255 3596 hanc
279 3531 430 3617 Dionysii
460 3531 678 3616 conjecturam
700 3551 810 3595 veram
840 3529 958 3615 accipit
981 3537 1012 3592 et
1033 3527 1193 3595 Gelonem

170 3633 403 3719 Syracusarum
432 3641 606 3719 tyrannum
633 3631 786 3697 Romanis
814 3630 897 3696 illud
926 3629 1047 3696 donum
1076 3629 1194 3694 fecisse

169 3733 256 3806 dicit.
300 3733 459 3802 Gelonem
488 3753 573 3800 anno
594 3729 658 3800 491
687 3733 832 3800 nondum
859 3740 1030 3819 tyrannum
1059 3730 1195 3819 Syracu·

170 3858 280 3904 sarum
306 3835 422 3922 fuisse,
456 3857 570 3904 verum
598 3858 684 3903 anno
706 3836 851 3925 sequenti
874 3832 973 3902 Gelae
992 3831 1194 3922 tyrannidem

170 3924 476 4028 occupavisse-quis
498 3948 547 4006 est
567 3941 647 4028 quin
667 3937 849 4025 intelligat?
891 3935 974 4004 Gelo
996 3937 1093 4024 igitur
1114 3935 1193 4022 quin
