2920 5046
849 497 892 568 36

246 673 251 680 ’
356 691 464 756 tamen
486 687 619 756 Graecis
638 686 823 754 auctoribus
841 687 986 754 fontibus
1008 701 1103 752 usum
1128 708 1217 773 seseq
1207 685 1298 752 sed
1318 685 1383 752 Ro·

357 814 471 860 manos
502 794 597 857 etiam
616 811 690 856 enm
710 811 778 856 non
801 792 971 875 ignorasse
1001 811 1042 853 ex
1064 787 1126 854 hoo
1151 797 1257 876 patet,
1296 788 1385 882 quod

357 894 450 960 illum
470 893 618 960 Justinus
639 892 769 958 Livium
799 903 830 958 et
817 892 1039 959 tSallustium
1066 893 1311 978 reprehendisse
1340 895 1386 958 ait

358 995 574 1079 (XXXVIII,
596 990 629 1079 3)
665 996 751 1081 quod
783 997 942 1062 orationes
971 995 1109 1060 directas
1138 1016 1197 1081 pro
1226 1017 1286 1060 sua
1314 1017 1385 1060 ora-

277 1087 278 1096 *
359 1099 446 1163 tione
470 1099 562 1186 operi
584 1118 641 1162 suo
656 1097 830 1163 inserendo
846 1097 998 1164 historiae
1012 1096 1144 1163 modum
1158 1098 1383 1166 excessissent

358 1199 470 1265 Restat
492 1201 590 1286 igitur
609 1199 708 1282 nihil,
742 1222 840 1286 quam
868 1209 904 1266 ut
890 1181 1041 1266 tJustini
1069 1198 1189 1264 tradita
1217 1221 1290 1264 eum
1312 1199 1386 1264 reli·

360 1321 497 1386 quorum
527 1301 716 1418 scriptorum
746 1305 802 1389 qui
825 1324 899 1366 sum
929 1311 1171 1368 antecesserunt
1198 1301 1386 1367 narratione

359 1423 599 1490 comparemus,
632 1405 666 1468 in
697 1423 772 1491 quo
783 1385 948 1470 Justinum
976 1414 1008 1470 et
1034 1405 1069 1470 in
1092 1403 1201 1470 multis
1217 1401 1323 1470 rebus
1345 1405 1385 1468 ah

359 1505 407 1570 eis
439 1505 607 1572 discedent
593 1515 659 1572 tem
695 1507 764 1571 et
755 1530 789 1572 m
821 1506 891 1572 aliis
923 1507 1025 1574 multa
1060 1505 1304 1594 supplentem
1295 1529 1388 1572 mve-

355 1608 496 1674 niemus.

402 1708 456 1774 De
485 1708 626 1776 fontibus
647 1710 761 1797 Pomp.
782 1711 884 1798 Trogi
904 1711 1100 1798 seripserunt

424 1811 603 1878 Heerenius
615 1814 830 1882 ineomment.
844 1835 909 1886 soe,
923 1813 1008 1882 Gott.
1023 1809 1108 1880 1804
1117 1811 1386 1905 xv.‚p.185sq.

423 1911 689 1998 Wolffgartenius
708 1915 749 1979 de
761 1915 883 2002 Ephori
901 1925 933 1982 et
946 1915 1087 1982 Dinonis
1098 1917 1237 1986 historiis
1252 1943 1272 1985 a
1287 1920 1387 2007 Trog.

565 2015 680 2103 Pomp.
701 2018 874 2104 expressis.
918 2018 1053 2086 Bonnae
1071 2012 1166 2090 1868.

426 2118 572 2184 Raunius
587 2117 628 2182 de
643 2117 804 2186 Clitareho
815 2119 962 2204 Diodori,
982 2119 1101 2187 Justini
1114 2121 1218 2189 Curtii
1239 2133 1386 2195 auctore.

425 2287 434 2312 ,
565 2220 699 2286 Bonnas
719 2217 814 2288 1868.
1219 2308 1224 2314 .

419 2321 585 2388 Nissenius
607 2332 777 2394 comment.
800 2326 866 2393 orit.
888 2349 920 2412 p.
941 2320 1121 2410 305-307,

361 2425 417 2511 qui
450 2423 594 2510 Trogum
626 2433 816 2511 praeeuntes
847 2425 1000 2494 habuisse
1034 2430 1299 2517 Theopompum,
1333 2434 1386 2498 Ti·

359 2547 506 2608 meeum,
532 2525 716 2612 Ephorum,
743 2529 935 2616 Polybium,
961 2530 1159 2598 (llitarohum
1187 2533 1386 2601 demonstra·

245 2697 248 2703 ,
359 2637 485 2698 uerunt.
528 2626 626 2694 Falso
648 2653 724 2696 vero
746 2630 960 2713 Holmius1.,
981 2656 1014 2720 p.
1035 2631 1099 2701 317
1120 2637 1165 2700 ait
1199 2635 1385 2722 „Obgleich

359 2733 419 2798 wir
451 2753 510 2796 aus
542 2729 616 2798 dem
635 2731 761 2798 Werke
791 2733 847 2798 des
870 2735 999 2821 Trogus
1033 2759 1096 2802 nur
1123 2737 1186 2804 den
1218 2737 1385 2825 diirftigen

359 2857 425 2902 von
444 2834 552 2899 Justin
574 2833 765 2919 gemachten
787 2835 919 2922 Auszug
940 2837 1060 2922 haben,
1092 2861 1128 2905 so
1159 2841 1202 2905 ist
1229 2863 1264 2906 es
1297 2844 1385 2908 noch

359 2935 557 3018 ersiohtlioh,
589 2935 663 3001 dass
684 2937 799 3024 Pomp.
820 2937 947 3022 Trogus
977 2941 1021 3005 im
1043 2941 1285 3008 Wesentliehen
1307 2944 1386 3012 den-

359 3036 470 3106 selben
499 3036 638 3120 Quellen
672 3039 754 3124 folgt
787 3041 848 3104 wie
875 3039 1002 3108 Diodor
1032 3043 1101 3108 und
1136 3067 1223 3110 zwar
1254 3047 1289 3110 in
1326 3047 1386 3112 der

358 3139 480 3224 grieeh.
509 3138 704 3205 Gesohiehte
736 3141 798 3206 fast
828 3143 1063 3212 aussoliesslich
1097 3145 1171 3213 dem
1200 3146 1384 3234 Ephorus.“

358 3239 440 3307 Nam
463 3261 529 3306 non
550 3240 647 3306 modo
668 3243 702 3307 in
722 3245 828 3331 operis
851 3245 953 3328 titulo,
977 3268 1073 3334 quem
1090 3249 1136 3314 ita
1155 3259 1191 3316 ut
1201 3251 1385 3338 Theopom

359 3363 419 3426 pus
441 3340 656 3428 Philippica
646 3347 926 3432 1nsoripsit,sed
917 3372 952 3413 ιιι
971 3350 1067 3415 rebus
1088 3351 1233 3437 plurimis
1256 3357 1384 3438 graecis

323 3532 325 3536 ,
359 3442 649 3528 etiamdigerendis
664 3455 697 3512 at
698 3469 761 3534 que
784 3449 979 3530 ordinandis,
999 3453 1061 3516 et
1052 3475 1086 3518 ιιι
1109 3475 1229 3539 genere
1251 3478 1383 3544 quoque

359 3543 509 3615 diationis
531 3567 595 3633 quo
615 3569 701 3632 usus,
723 3549 808 3615 huno
829 3560 990 3618 auctorem
1013 3566 1168 3642 sequutus
1190 3568 1246 3627 est
1276 3560 1383 3639 (oonf.

358 3644 499 3718 Heeren
525 3670 557 3733 p.
581 3645 667 3736 196)
724 3650 881 3718 Contra
872 3675 906 3716 ιιι
937 3655 1075 3722 Diodori
1108 3669 1205 3744 opere
1236 3659 1384 3748 undique

357 3768 459 3833 quum
487 3750 522 3814 in
545 3773 652 3818 rerum
673 3753 882 3839 dispositione
915 3765 984 3821 tum
1018 3760 1054 3823 in
1090 3760 1185 3834 rebus
1217 3763 1384 3851 plerisque

358 3851 480 3933 meeis
501 3855 738 3941 narratis1psis
752 3856 876 3943 Ephori
890 3861 1025 3945 vestigia
1046 3861 1239 3970 invenimus,
1255 3875 1293 3932 ut
1303 3865 1383 3932 Vol

359 3953 585 4038 quardsenius
593 3957 671 4024 satis
690 3958 840 4032 ostendit
