2920 5046
107 695 269 780 narravit,
301 694 395 762 nobis
421 715 480 782 pro
510 703 595 764 certo
622 694 850 762 affirmandum
878 701 934 767 est.
986 695 1051 762 S'e'd
1072 695 1134 764 hoe

110 819 239 884 quoque
270 797 341 864 loco
366 820 533 865 numerum
566 798 703 865 militum
740 807 972 886 captorumque
1001 799 1134 866 Cartha·

108 901 322 985 giniensium,
351 921 448 988 quem
469 899 637 996 Diodorus⁸
653 900 757 981 xm„
776 895 819 967 59
841 901 971 988 repetit,
1004 901 1133 969 honoris

109 999 295 1068 Siculorum
316 1024 415 1069 causa
436 1002 534 1068 iidem
557 1005 701 1070 veritatis
723 1024 789 1070 non
812 1023 959 1086 servare,
990 1006 1062 1090 quis
1086 1012 1134 1071 est

109 1104 164 1189 qui
183 1103 307 1190 neget?

172 1203 300 1287 Quibus
329 1207 481 1274 omnibus
501 1229 579 1295 ergo
600 1208 782 1274 Diodorum
810 1208 846 1272 in
873 1209 1015 1292 cunctis,
1050 1231 1134 1297 quae

108 1306 148 1371 de
171 1308 307 1375 Gelonis
335 1309 430 1376 rebus
460 1312 559 1395 gestis
587 1311 696 1392 affert,
730 1319 867 1398 excepta
895 1310 952 1377 illa
980 1314 1134 1377 memoria
1212 1331 1216 1340 ’

106 1409 278 1495 legationis
300 1411 446 1478 Graecae
467 1411 510 1478 ad
533 1412 692 1479 Gelonem
713 1414 849 1494 missae,
882 1411 1052 1478 Timaeum
1075 1412 1133 1477 du·

107 1532 178 1578 cem
201 1523 375 1601 sequutum
393 1535 463 1580 esse
484 1537 543 1580 nos
566 1515 800 1582 demonstrasse
821 1521 981 1600 putemus.

168 1614 336 1680 Diodorus
359 1625 515 1703 quantum
528 1617 651 1684 Timaei
673 1617 771 1683 libros
791 1616 832 1681 de
844 1615 979 1680 Gelonis
1000 1615 1132 1683 historia

108 1719 321 1804 excerpserit,
352 1727 573 1806 quantumque
595 1721 737 1786 omiserit
757 1740 799 1783 ex
818 1717 913 1804 hujus
935 1717 1131 1803 fragmentis,

108 1840 189 1904 quae
220 1820 380 1906 imprimis
414 1821 449 1885 in
480 1821 610 1887 scholiis
640 1822 683 1887 ad
711 1819 845 1887 Pindari
873 1821 1016 1885 carmina
1042 1841 1132 1906 repe·

104 1922 232 1986 riuntnr
258 1923 492 2007 cognoscimus.
537 1921 590 1990 Sie
614 1925 754 2012 primum
777 1922 983 2004 Chromium,
1017 1919 1131 2007 Agesi-

106 2021 193 2086 dam'i
223 2023 343 2104 filium,
381 2047 477 2112 quern
503 2047 545 2091 ex
570 2025 670 2096 schol.
698 2025 741 2092 ad
761 2025 854 2094 Nem.
872 2024 907 2104 I.,
929 2018 961 2107 8,
983 2023 1055 2102 lx„
1076 2018 1131 2112 42,

106 2119 158 2206 93,
181 2121 250 2193 95.“
291 2125 386 2213 Pyth.
407 2132 462 2210 11.‚
483 2123 527 2195 34
546 2130 624 2194 artis
653 2128 808 2216 equestris
835 2126 1062 2214 peritissimum
1093 2148 1132 2191 aa

106 2236 323 2312 praestantem
350 2227 466 2296 robore
494 2239 526 2296 et
549 2232 668 2295 virtute
688 2239 786 2317 atque
808 2229 947 2293 amioum
977 2237 1045 2293 turn
1068 2227 1131 2293 Ge·

106 2329 189 2395 lonis
211 2339 281 2395 tum
301 2330 454 2397 Hieronis
477 2331 705 2417 intelligimus,
739 2331 903 2397 Diodorus
931 2351 1069 2417 cumque
1093 2353 1131 2396 eo

106 2453 217 2498 omnes
239 2435 432 2500 recentiores
454 2433 522 2499 fere
544 2433 672 2500 silentio
696 2435 945 2521 praeterierunt,
969 2454 1067 2519 quam
1089 2432 1131 2498 ob

106 2556 174 2599 rem
208 2535 272 2600 hoc
303 2535 375 2601 loco
410 2535 453 2602 ad
477 2535 515 2606 L.
537 2536 683 2601 Dissenii
709 2535 941 2624 explicationes
969 2533 1012 2600 ad
1038 2533 1132 2602 Pind.

105 2634 197 2702 Nem.
218 2661 251 2724 p.
272 2633 336 2704 348
372 2659 420 2724 sq.
455 2647 487 2702 et
518 2637 557 2702 Il.
581 2637 622 2702 de
642 2636 795 2706 Leutsch.
831 2636 1131 2701 commentationem

105 2741 380 2805 accuratissimam
409 2740 443 2806 in
463 2738 581 2810 Philol.
605 2739 708 2822 xlv„
726 2761 759 2826 p.
783 2731 1131 2822 45-68d01egamus.

169 2841 300 2907 Deinde
322 2844 356 2906 in
377 2840 477 2914 schol,
498 2841 540 2906 ad
562 2840 694 2924 01.V1.‚
716 2835 779 2908 158
791 2840 943 2905 Timaeus
955 2839 1131 2904 Hieronem

105 2945 304 3010 sacerdotem
335 2944 461 3010 Cereris
496 2953 527 3009 et
555 2943 693 3008 Liberae
727 2941 858 3010 dearum
892 2941 990 3006 fuisse
1023 2940 1130 3024 tradit,

105 3067 243 3132 quarum
269 3046 391 3134 templa
412 3046 567 3133 Ortygiae
597 3069 639 3111 ex
664 3047 788 3112 Punica
812 3043 935 3131 praeda
964 3041 1046 3109 Gelo
1076 3063 1130 3107 ex-

105 3156 278 3218 struxerat.
320 3149 413 3215 Haeo
431 3148 562 3213 fuerunt
583 3148 642 3213 illa
662 3171 682 3214 a
700 3145 816 3214 'l'eline
838 3153 1016 3234 propagata
1039 3164 1131 3211 sacra

105 3249 288 3336 gentilicia;
319 3253 424 3338 patria
443 3273 555 3316 verum
567 3241 681 3317 Siculis
703 3249 842 3316 Cerialia
861 3269 964 3315 sacra.
1007 3244 1130 3312 Diodo-

104 3374 158 3418 rus
180 3353 262 3418 haec
285 3354 398 3420 omisit
476 3375 479 3382 ⁴
1049 3427 1051 3431 ⁸

127 3487 129 3491 ·
167 3456 254 3521 Tum
278 3457 367 3543 apud
392 3455 492 3522 schol.
517 3455 559 3520 ad
580 3453 770 3537 Nem.'IX.,
791 3448 853 3536 95,
883 3445 1131 3536 01.1L,29(0

104 3557 252 3639 Timaeo)
283 3557 422 3643 legimus
446 3555 605 3622 Gelonem
625 3557 767 3622 Chromii
789 3552 1007 3618 familiaritate
1037 3573 1131 3618 usum

105 3682 191 3742 esse,
215 3669 247 3724 et
265 3668 388 3726 tutores
409 3659 470 3724 filii
491 3659 698 3723 Aristonoum
719 3666 751 3722 et
771 3655 978 3737 Chromium,
1015 3652 1131 3740 quibus

105 3761 187 3828 Gelo
231 3781 356 3828 sorores
395 3761 431 3826 in
474 3760 712 3825 matrimonium
748 3756 882 3822 dederat
917 3755 1132 3822 constituisse.

104 3864 294 3930 Morientem
315 3871 422 3930 autem
444 3861 598 3949 Polyzelo
628 3859 721 3926 fratri
743 3860 919 3926 exereitum
943 3866 976 3922 et
996 3876 1131 3921 uxorem

104 3965 290 4055 reliquisse:
323 3967 441 4055 quibus
463 3986 506 4031 ex
530 3961 679 4030 omnibus
701 3962 798 4030 rebus
828 3968 1027 4115 quangopere
1047 3955 1131 4025 Gelo
