<?xml version="1.0" encoding="UTF-8"?>
<!DOCTYPE html PUBLIC "-//W3C//DTD XHTML 1.0 Transitional//EN"
    "http://www.w3.org/TR/xhtml1/DTD/xhtml1-transitional.dtd">
<html xmlns="http://www.w3.org/1999/xhtml" xml:lang="en" lang="en">
 <head>
  <title>
</title>
<meta http-equiv="Content-Type" content="text/html;charset=utf-8" />
  <meta name='ocr-system' content='tesseract 3.04.00' />
  <meta name='ocr-capabilities' content='ocr_page ocr_carea ocr_par ocr_line ocrx_word'/>
</head>
<body>
  <div class='ocr_page' id='page_1' title='image "./defontibusadgel00richgoog_0049.png"; bbox 0 0 2920 5046; ppageno 0'>
   <div class='ocr_carea' id='block_1_1' title="bbox 762 409 806 492">
    <p class='ocr_par' dir='ltr' id='par_1_1' title="bbox 762 409 806 492">
     <span class='ocr_line' id='line_1_1' title="bbox 762 409 806 492; baseline 0 -76"><span class='ocrx_word' id='word_1_1' title='bbox 762 409 806 492; x_wconf 79' lang='lat' dir='ltr'><strong>a</strong></span> 
     </span>
    </p>
   </div>
   <div class='ocr_carea' id='block_1_2' title="bbox 228 608 1299 2844">
    <p class='ocr_par' dir='ltr' id='par_1_2' title="bbox 272 608 1296 884">
     <span class='ocr_line' id='line_1_2' title="bbox 276 608 1296 700; baseline -0.002 -25"><span class='ocrx_word' id='word_1_2' title='bbox 276 611 345 676; x_wconf 82' lang='lat' dir='ltr'><strong>fuit</strong></span> <span class='ocrx_word' id='word_1_3' title='bbox 398 611 512 700; x_wconf 82' lang='lat' dir='ltr'><strong>Itaque</strong></span> <span class='ocrx_word' id='word_1_4' title='bbox 535 611 615 678; x_wconf 85' lang='lat' dir='ltr'><strong>haec</strong></span> <span class='ocrx_word' id='word_1_5' title='bbox 643 613 828 699; x_wconf 86' lang='lat' dir='ltr'><strong>conjectura</strong></span> <span class='ocrx_word' id='word_1_6' title='bbox 858 612 1002 676; x_wconf 87' lang='lat' dir='ltr'><strong>maxime</strong></span> <span class='ocrx_word' id='word_1_7' title='bbox 1026 608 1203 696; x_wconf 84' lang='lat' dir='ltr'><strong>probabilis</strong></span> <span class='ocrx_word' id='word_1_8' title='bbox 1235 617 1296 692; x_wconf 89' lang='lat' dir='ltr'><strong>est,</strong></span> 
     </span>
     <span class='ocr_line' id='line_1_3' title="bbox 275 701 1294 801; baseline -0.001 -24"><span class='ocrx_word' id='word_1_9' title='bbox 275 721 311 778; x_wconf 91' lang='lat' dir='ltr'><strong>ut</strong></span> <span class='ocrx_word' id='word_1_10' title='bbox 330 711 432 780; x_wconf 88' lang='lat' dir='ltr'><strong>verba</strong></span> <span class='ocrx_word' id='word_1_11' title='bbox 451 736 491 796; x_wconf 93' lang='lat' dir='ltr'><strong>„a</strong></span> <span class='ocrx_word' id='word_1_12' title='bbox 513 735 589 799; x_wconf 85' lang='lat' dir='ltr'><strong>rege</strong></span> <span class='ocrx_word' id='word_1_13' title='bbox 605 712 823 801; x_wconf 84' lang='lat' dir='ltr'><strong>jubebantur“</strong></span> <span class='ocrx_word' id='word_1_14' title='bbox 844 701 985 779; x_wconf 87' lang='lat' dir='ltr'><strong>delenda</strong></span> <span class='ocrx_word' id='word_1_15' title='bbox 1007 713 1081 796; x_wconf 87' lang='lat' dir='ltr'><strong>sint,</strong></span> <span class='ocrx_word' id='word_1_16' title='bbox 1103 722 1139 778; x_wconf 92' lang='lat' dir='ltr'><strong>ut</strong></span> <span class='ocrx_word' id='word_1_17' title='bbox 1154 714 1224 800; x_wconf 86' lang='lat' dir='ltr'><strong>jam</strong></span> <span class='ocrx_word' id='word_1_18' title='bbox 1247 713 1294 776; x_wconf 92' lang='lat' dir='ltr'><strong>in·</strong></span> 
     </span>
     <span class='ocr_line' id='line_1_4' title="bbox 272 805 664 884; baseline 0.008 -4"><span class='ocrx_word' id='word_1_19' title='bbox 272 805 397 882; x_wconf 83' lang='lat' dir='ltr'><strong>tellexit</strong></span> <span class='ocrx_word' id='word_1_20' title='bbox 415 815 664 884; x_wconf 74' lang='lat' dir='ltr'>Freinshemius.</span> 
     </span>
    </p>

    <p class='ocr_par' dir='ltr' id='par_1_3' title="bbox 273 914 1297 1618">
     <span class='ocr_line' id='line_1_5' title="bbox 336 914 1295 1005; baseline -0.003 -22"><span class='ocrx_word' id='word_1_21' title='bbox 336 917 421 983; x_wconf 87' lang='lat' dir='ltr'><strong>Tum</strong></span> <span class='ocrx_word' id='word_1_22' title='bbox 440 918 537 984; x_wconf 90' lang='lat' dir='ltr'><strong>iidem</strong></span> <span class='ocrx_word' id='word_1_23' title='bbox 555 917 651 1003; x_wconf 85' lang='lat' dir='ltr'><strong>legati</strong></span> <span class='ocrx_word' id='word_1_24' title='bbox 665 917 752 1005; x_wconf 90' lang='lat' dir='ltr'><strong>apud</strong></span> <span class='ocrx_word' id='word_1_25' title='bbox 766 917 930 984; x_wconf 78' lang='lat' dir='ltr'><strong>lustinum</strong></span> <span class='ocrx_word' id='word_1_26' title='bbox 945 914 1295 1003; x_wconf 81' lang='lat' dir='ltr'><strong>aOarthaginiensibus</strong></span> 
     </span>
     <span class='ocr_line' id='line_1_6' title="bbox 275 1016 1295 1107; baseline -0.003 -23"><span class='ocrx_word' id='word_1_27' title='bbox 275 1017 432 1084; x_wconf 85' lang='lat' dir='ltr'><strong>auxilium</strong></span> <span class='ocrx_word' id='word_1_28' title='bbox 452 1017 607 1086; x_wconf 87' lang='lat' dir='ltr'><strong>adversus</strong></span> <span class='ocrx_word' id='word_1_29' title='bbox 631 1019 800 1086; x_wconf 81' lang='lat' dir='ltr'><strong>Graeciam</strong></span> <span class='ocrx_word' id='word_1_30' title='bbox 822 1028 952 1107; x_wconf 87' lang='lat' dir='ltr'><strong>petunt,</strong></span> <span class='ocrx_word' id='word_1_31' title='bbox 983 1019 1034 1082; x_wconf 88' lang='lat' dir='ltr'><strong>cui</strong></span> <span class='ocrx_word' id='word_1_32' title='bbox 1055 1017 1203 1084; x_wconf 75' lang='lat' dir='ltr'>illaturus</span> <span class='ocrx_word' id='word_1_33' title='bbox 1226 1016 1295 1082; x_wconf 95' lang='lat' dir='ltr'><strong>bel-</strong></span> 
     </span>
     <span class='ocr_line' id='line_1_7' title="bbox 275 1116 1296 1210; baseline -0.003 -25"><span class='ocrx_word' id='word_1_34' title='bbox 275 1119 342 1186; x_wconf 89' lang='lat' dir='ltr'><strong>lum</strong></span> <span class='ocrx_word' id='word_1_35' title='bbox 353 1121 473 1186; x_wconf 88' lang='lat' dir='ltr'><strong>Darins</strong></span> <span class='ocrx_word' id='word_1_36' title='bbox 493 1129 570 1206; x_wconf 90' lang='lat' dir='ltr'><strong>erat,</strong></span> <span class='ocrx_word' id='word_1_37' title='bbox 592 1122 679 1210; x_wconf 93' lang='lat' dir='ltr'><strong>quod</strong></span> <span class='ocrx_word' id='word_1_38' title='bbox 692 1131 824 1210; x_wconf 88' lang='lat' dir='ltr'><strong>propter</strong></span> <span class='ocrx_word' id='word_1_39' title='bbox 837 1121 967 1188; x_wconf 88' lang='lat' dir='ltr'><strong>assidua</strong></span> <span class='ocrx_word' id='word_1_40' title='bbox 987 1120 1194 1186; x_wconf 86' lang='lat' dir='ltr'><strong>finitimorum</strong></span> <span class='ocrx_word' id='word_1_41' title='bbox 1208 1116 1296 1183; x_wconf 90' lang='lat' dir='ltr'><strong>bella</strong></span> 
     </span>
     <span class='ocr_line' id='line_1_8' title="bbox 275 1219 1297 1308; baseline -0.002 -23"><span class='ocrx_word' id='word_1_42' title='bbox 275 1221 487 1308; x_wconf 85' lang='lat' dir='ltr'><strong>denegabant</strong></span> <span class='ocrx_word' id='word_1_43' title='bbox 532 1224 617 1305; x_wconf 81' lang='lat' dir='ltr'><strong>Quia</strong></span> <span class='ocrx_word' id='word_1_44' title='bbox 637 1223 722 1291; x_wconf 91' lang='lat' dir='ltr'><strong>hanc</strong></span> <span class='ocrx_word' id='word_1_45' title='bbox 740 1247 809 1292; x_wconf 90' lang='lat' dir='ltr'><strong>rem</strong></span> <span class='ocrx_word' id='word_1_46' title='bbox 836 1223 981 1290; x_wconf 79' lang='lat' dir='ltr'><strong>lustinus</strong></span> <span class='ocrx_word' id='word_1_47' title='bbox 1003 1221 1098 1288; x_wconf 89' lang='lat' dir='ltr'><strong>nobis</strong></span> <span class='ocrx_word' id='word_1_48' title='bbox 1119 1219 1207 1286; x_wconf 91' lang='lat' dir='ltr'><strong>solus</strong></span> <span class='ocrx_word' id='word_1_49' title='bbox 1233 1227 1297 1284; x_wconf 87' lang='lat' dir='ltr'><strong>tra·</strong></span> 
     </span>
     <span class='ocr_line' id='line_1_9' title="bbox 275 1318 1296 1415; baseline -0.002 -27"><span class='ocrx_word' id='word_1_50' title='bbox 275 1323 365 1407; x_wconf 88' lang='lat' dir='ltr'><strong>didit,</strong></span> <span class='ocrx_word' id='word_1_51' title='bbox 388 1347 496 1392; x_wconf 90' lang='lat' dir='ltr'><strong>veram</strong></span> <span class='ocrx_word' id='word_1_52' title='bbox 519 1326 639 1392; x_wconf 87' lang='lat' dir='ltr'><strong>habere</strong></span> <span class='ocrx_word' id='word_1_53' title='bbox 664 1350 731 1394; x_wconf 89' lang='lat' dir='ltr'><strong>non</strong></span> <span class='ocrx_word' id='word_1_54' title='bbox 758 1318 944 1415; x_wconf 73' lang='lat' dir='ltr'><strong>possumis:</strong></span> <span class='ocrx_word' id='word_1_55' title='bbox 974 1325 1081 1410; x_wconf 87' lang='lat' dir='ltr'><strong>potius</strong></span> <span class='ocrx_word' id='word_1_56' title='bbox 1109 1345 1183 1388; x_wconf 92' lang='lat' dir='ltr'><strong>eum</strong></span> <span class='ocrx_word' id='word_1_57' title='bbox 1203 1322 1296 1388; x_wconf 85' lang='lat' dir='ltr'><strong>Darii</strong></span> 
     </span>
     <span class='ocr_line' id='line_1_10' title="bbox 275 1419 1294 1514; baseline -0.003 -23"><span class='ocrx_word' id='word_1_58' title='bbox 275 1419 471 1492; x_wconf 83' lang='lat' dir='ltr'><strong>auxiliorum</strong></span> <span class='ocrx_word' id='word_1_59' title='bbox 495 1427 693 1514; x_wconf 85' lang='lat' dir='ltr'><strong>flagitionem</strong></span> <span class='ocrx_word' id='word_1_60' title='bbox 719 1452 792 1495; x_wconf 91' lang='lat' dir='ltr'><strong>cum</strong></span> <span class='ocrx_word' id='word_1_61' title='bbox 821 1430 934 1495; x_wconf 82' lang='lat' dir='ltr'>Xerxe</span> <span class='ocrx_word' id='word_1_62' title='bbox 958 1435 1172 1493; x_wconf 80' lang='lat' dir='ltr'><strong>commutasse</strong></span> <span class='ocrx_word' id='word_1_63' title='bbox 1202 1433 1294 1510; x_wconf 89' lang='lat' dir='ltr'><strong>puta-</strong></span> 
     </span>
     <span class='ocr_line' id='line_1_11' title="bbox 273 1522 1159 1618; baseline -0.001 -26"><span class='ocrx_word' id='word_1_64' title='bbox 273 1549 356 1611; x_wconf 87' lang='lat' dir='ltr'><strong>mus,</strong></span> <span class='ocrx_word' id='word_1_65' title='bbox 373 1549 471 1615; x_wconf 88' lang='lat' dir='ltr'><strong>quam</strong></span> <span class='ocrx_word' id='word_1_66' title='bbox 481 1529 765 1616; x_wconf 75' lang='lat' dir='ltr'><strong>Carthaginienses</strong></span> <span class='ocrx_word' id='word_1_67' title='bbox 778 1522 941 1618; x_wconf 87' lang='lat' dir='ltr'><strong>accepisse</strong></span> <span class='ocrx_word' id='word_1_68' title='bbox 959 1529 1159 1610; x_wconf 84' lang='lat' dir='ltr'><strong>traduntur.“.</strong></span> 
     </span>
    </p>

    <p class='ocr_par' dir='ltr' id='par_1_4' title="bbox 273 1623 1298 2333">
     <span class='ocr_line' id='line_1_12' title="bbox 339 1623 1297 1720; baseline -0.001 -26"><span class='ocrx_word' id='word_1_69' title='bbox 339 1628 424 1695; x_wconf 81' lang='lat' dir='ltr'><strong>Tum</strong></span> <span class='ocrx_word' id='word_1_70' title='bbox 445 1634 561 1716; x_wconf 90' lang='lat' dir='ltr'><strong>miror,</strong></span> <span class='ocrx_word' id='word_1_71' title='bbox 593 1632 680 1720; x_wconf 91' lang='lat' dir='ltr'><strong>quod</strong></span> <span class='ocrx_word' id='word_1_72' title='bbox 700 1633 845 1700; x_wconf 80' lang='lat' dir='ltr'><strong>lustinus</strong></span> <span class='ocrx_word' id='word_1_73' title='bbox 864 1633 974 1716; x_wconf 76' lang='lat' dir='ltr'><strong>Xle,</strong></span> <span class='ocrx_word' id='word_1_74' title='bbox 996 1627 1027 1716; x_wconf 82' lang='lat'><strong>2,</strong></span> <span class='ocrx_word' id='word_1_75' title='bbox 1048 1623 1079 1702; x_wconf 79' lang='grc'><strong>2.</strong></span> <span class='ocrx_word' id='word_1_76' title='bbox 1129 1627 1297 1696; x_wconf 87' lang='lat' dir='ltr'><strong>Hanniba-</strong></span> 
     </span>
     <span class='ocr_line' id='line_1_13' title="bbox 273 1731 1296 1824; baseline 0.002 -27"><span class='ocrx_word' id='word_1_77' title='bbox 273 1733 338 1798; x_wconf 90' lang='lat' dir='ltr'><strong>lem</strong></span> <span class='ocrx_word' id='word_1_78' title='bbox 348 1731 450 1798; x_wconf 88' lang='lat' dir='ltr'><strong>filium</strong></span> <span class='ocrx_word' id='word_1_79' title='bbox 458 1735 671 1802; x_wconf 87' lang='lat' dir='ltr'><strong>Hasdrubalis</strong></span> <span class='ocrx_word' id='word_1_80' title='bbox 682 1736 967 1824; x_wconf 86' lang='lat' dir='ltr'><strong>nominavitquum</strong></span> <span class='ocrx_word' id='word_1_81' title='bbox 979 1735 1035 1800; x_wconf 87' lang='lat' dir='ltr'><strong>alii</strong></span> <span class='ocrx_word' id='word_1_82' title='bbox 1047 1731 1296 1819; x_wconf 87' lang='lat' dir='ltr'><strong>aliterprodant.</strong></span> 
     </span>
     <span class='ocr_line' id='line_1_14' title="bbox 273 1832 1296 1921; baseline -0.003 -21"><span class='ocrx_word' id='word_1_83' title='bbox 273 1834 438 1902; x_wconf 83' lang='lat' dir='ltr'><strong>Diodorus</strong></span> <span class='ocrx_word' id='word_1_84' title='bbox 460 1835 563 1921; x_wconf 81' lang='lat' dir='ltr'><strong>XIH,</strong></span> <span class='ocrx_word' id='word_1_85' title='bbox 585 1833 627 1904; x_wconf 81' lang='lat'><strong>43</strong></span> <span class='ocrx_word' id='word_1_86' title='bbox 656 1839 742 1903; x_wconf 91' lang='lat' dir='ltr'><strong>enim</strong></span> <span class='ocrx_word' id='word_1_87' title='bbox 764 1835 1153 1909; x_wconf 80' lang='lat' dir='ltr'><strong>HannibalemGisconis</strong></span> <span class='ocrx_word' id='word_1_88' title='bbox 1182 1832 1296 1914; x_wconf 87' lang='lat' dir='ltr'><strong>filium,</strong></span> 
     </span>
     <span class='ocr_line' id='line_1_15' title="bbox 274 1935 1296 2026; baseline -0.003 -24"><span class='ocrx_word' id='word_1_89' title='bbox 274 1935 478 2021; x_wconf 77' lang='lat' dir='ltr'><strong>Hamilcaris,</strong></span> <span class='ocrx_word' id='word_1_90' title='bbox 499 1941 555 2026; x_wconf 92' lang='lat' dir='ltr'><strong>qui</strong></span> <span class='ocrx_word' id='word_1_91' title='bbox 576 1939 620 2006; x_wconf 89' lang='lat' dir='ltr'><strong>ad</strong></span> <span class='ocrx_word' id='word_1_92' title='bbox 640 1939 808 2006; x_wconf 90' lang='lat' dir='ltr'><strong>Himeram</strong></span> <span class='ocrx_word' id='word_1_93' title='bbox 833 1940 1000 2007; x_wconf 84' lang='lat' dir='ltr'><strong>cecidisset</strong></span> <span class='ocrx_word' id='word_1_94' title='bbox 1021 1945 1173 2026; x_wconf 83' lang='lat' dir='ltr'><strong>nepotem</strong></span> <span class='ocrx_word' id='word_1_95' title='bbox 1194 1935 1296 2000; x_wconf 83' lang='lat' dir='ltr'><strong>luisse</strong></span> 
     </span>
     <span class='ocr_line' id='line_1_16' title="bbox 274 2036 1296 2129; baseline -0.001 -26"><span class='ocrx_word' id='word_1_96' title='bbox 274 2038 351 2104; x_wconf 88' lang='lat' dir='ltr'><strong>dicit</strong></span> <span class='ocrx_word' id='word_1_97' title='bbox 378 2047 411 2105; x_wconf 84' lang='lat' dir='ltr'><strong>et</strong></span> <span class='ocrx_word' id='word_1_98' title='bbox 438 2049 523 2107; x_wconf 88' lang='lat' dir='ltr'><strong>certo</strong></span> <span class='ocrx_word' id='word_1_99' title='bbox 554 2040 603 2106; x_wconf 89' lang='lat' dir='ltr'><strong>his</strong></span> <span class='ocrx_word' id='word_1_100' title='bbox 630 2045 667 2107; x_wconf 88' lang='lat' dir='ltr'><strong>in</strong></span> <span class='ocrx_word' id='word_1_101' title='bbox 694 2043 792 2109; x_wconf 89' lang='lat' dir='ltr'><strong>rebus</strong></span> <span class='ocrx_word' id='word_1_102' title='bbox 813 2043 959 2110; x_wconf 91' lang='lat' dir='ltr'><strong>Diodoro</strong></span> <span class='ocrx_word' id='word_1_103' title='bbox 989 2042 1092 2129; x_wconf 85' lang='lat' dir='ltr'><strong>major</strong></span> <span class='ocrx_word' id='word_1_104' title='bbox 1120 2061 1218 2126; x_wconf 90' lang='lat' dir='ltr'><strong>quam</strong></span> <span class='ocrx_word' id='word_1_105' title='bbox 1238 2036 1296 2102; x_wconf 89' lang='lat' dir='ltr'><strong>Ju-</strong></span> 
     </span>
     <span class='ocr_line' id='line_1_17' title="bbox 273 2141 1298 2234; baseline -0.002 -28"><span class='ocrx_word' id='word_1_106' title='bbox 273 2142 356 2206; x_wconf 90' lang='lat' dir='ltr'><strong>stino</strong></span> <span class='ocrx_word' id='word_1_107' title='bbox 371 2145 544 2210; x_wconf 88' lang='lat' dir='ltr'><strong>auctoritas</strong></span> <span class='ocrx_word' id='word_1_108' title='bbox 557 2145 698 2212; x_wconf 89' lang='lat' dir='ltr'><strong>debetur.</strong></span> <span class='ocrx_word' id='word_1_109' title='bbox 728 2144 862 2234; x_wconf 84' lang='lat' dir='ltr'><strong>Sappho</strong></span> <span class='ocrx_word' id='word_1_110' title='bbox 884 2153 1001 2227; x_wconf 89' lang='lat' dir='ltr'><strong>autem,</strong></span> <span class='ocrx_word' id='word_1_111' title='bbox 1020 2151 1077 2208; x_wconf 87' lang='lat' dir='ltr'><strong>aut</strong></span> <span class='ocrx_word' id='word_1_112' title='bbox 1097 2151 1132 2208; x_wconf 95' lang='lat' dir='ltr'><strong>ut</strong></span> <span class='ocrx_word' id='word_1_113' title='bbox 1151 2141 1208 2206; x_wconf 90' lang='lat' dir='ltr'><strong>alii</strong></span> <span class='ocrx_word' id='word_1_114' title='bbox 1230 2161 1298 2205; x_wconf 91' lang='lat' dir='ltr'><strong>ma·</strong></span> 
     </span>
     <span class='ocr_line' id='line_1_18' title="bbox 273 2241 1006 2333; baseline 0.011 -25"><span class='ocrx_word' id='word_1_115' title='bbox 273 2241 343 2310; x_wconf 89' lang='lat' dir='ltr'><strong>lunt</strong></span> <span class='ocrx_word' id='word_1_116' title='bbox 365 2243 431 2330; x_wconf 87' lang='lat' dir='ltr'><strong>legi</strong></span> <span class='ocrx_word' id='word_1_117' title='bbox 452 2245 621 2333; x_wconf 84' lang='lat' dir='ltr'><strong>„Psapho“</strong></span> <span class='ocrx_word' id='word_1_118' title='bbox 643 2247 723 2313; x_wconf 86' lang='lat' dir='ltr'><strong>alias</strong></span> <span class='ocrx_word' id='word_1_119' title='bbox 745 2269 812 2313; x_wconf 89' lang='lat' dir='ltr'><strong>non</strong></span> <span class='ocrx_word' id='word_1_120' title='bbox 834 2249 1006 2316; x_wconf 83' lang='lat' dir='ltr'><strong>invenitur.</strong></span> 
     </span>
    </p>

    <p class='ocr_par' dir='ltr' id='par_1_5' title="bbox 228 2344 1299 2844">
     <span class='ocr_line' id='line_1_19' title="bbox 339 2344 1299 2435; baseline 0.001 -25"><span class='ocrx_word' id='word_1_121' title='bbox 339 2344 423 2410; x_wconf 86' lang='lat' dir='ltr'><strong>Tum</strong></span> <span class='ocrx_word' id='word_1_122' title='bbox 444 2347 590 2414; x_wconf 78' lang='lat' dir='ltr'><strong>lustinus</strong></span> <span class='ocrx_word' id='word_1_123' title='bbox 612 2349 724 2434; x_wconf 61' lang='lat' dir='ltr'><strong>xlx„</strong></span> <span class='ocrx_word' id='word_1_124' title='bbox 744 2346 781 2435; x_wconf 81' lang='grc'><strong>2,</strong></span> <span class='ocrx_word' id='word_1_125' title='bbox 800 2348 830 2420; x_wconf 79' lang='lat'><strong>7.</strong></span> <span class='ocrx_word' id='word_1_126' title='bbox 885 2347 1076 2415; x_wconf 88' lang='lat' dir='ltr'><strong>Imilconem</strong></span> <span class='ocrx_word' id='word_1_127' title='bbox 1107 2347 1223 2413; x_wconf 89' lang='lat' dir='ltr'><strong>ducem</strong></span> <span class='ocrx_word' id='word_1_128' title='bbox 1254 2368 1299 2411; x_wconf 84' lang='lat' dir='ltr'><strong>ex</strong></span> 
     </span>
     <span class='ocr_line' id='line_1_20' title="bbox 272 2449 1298 2542; baseline 0.001 -28"><span class='ocrx_word' id='word_1_129' title='bbox 272 2449 363 2515; x_wconf 92' lang='lat' dir='ltr'><strong>initio</strong></span> <span class='ocrx_word' id='word_1_130' title='bbox 385 2451 490 2537; x_wconf 86' lang='lat' dir='ltr'><strong>quarti</strong></span> <span class='ocrx_word' id='word_1_131' title='bbox 510 2451 631 2518; x_wconf 88' lang='lat' dir='ltr'><strong>saeculi</strong></span> <span class='ocrx_word' id='word_1_132' title='bbox 650 2453 802 2520; x_wconf 87' lang='lat' dir='ltr'><strong>eumalio</strong></span> <span class='ocrx_word' id='word_1_133' title='bbox 817 2452 962 2542; x_wconf 91' lang='lat' dir='ltr'><strong>ejusdem</strong></span> <span class='ocrx_word' id='word_1_134' title='bbox 976 2451 1115 2517; x_wconf 88' lang='lat' dir='ltr'><strong>nominis</strong></span> <span class='ocrx_word' id='word_1_135' title='bbox 1136 2472 1178 2516; x_wconf 83' lang='lat' dir='ltr'><strong>ex</strong></span> <span class='ocrx_word' id='word_1_136' title='bbox 1192 2449 1298 2537; x_wconf 88' lang='lat' dir='ltr'><strong>quinti</strong></span> 
     </span>
     <span class='ocr_line' id='line_1_21' title="bbox 273 2542 1296 2639; baseline 0.001 -24"><span class='ocrx_word' id='word_1_137' title='bbox 273 2551 365 2616; x_wconf 91' lang='lat' dir='ltr'><strong>initio</strong></span> <span class='ocrx_word' id='word_1_138' title='bbox 387 2559 569 2623; x_wconf 79' lang='lat' dir='ltr'><strong>commutat</strong></span> <span class='ocrx_word' id='word_1_139' title='bbox 619 2553 703 2622; x_wconf 86' lang='lat' dir='ltr'><strong>Nam</strong></span> <span class='ocrx_word' id='word_1_140' title='bbox 724 2554 832 2622; x_wconf 86' lang='lat' dir='ltr'><strong>verbis</strong></span> <span class='ocrx_word' id='word_1_141' title='bbox 860 2557 1003 2639; x_wconf 83' lang='lat' dir='ltr'><strong>„interea</strong></span> <span class='ocrx_word' id='word_1_142' title='bbox 1019 2552 1188 2620; x_wconf 86' lang='lat' dir='ltr'><strong>Hamilcar</strong></span> <span class='ocrx_word' id='word_1_143' title='bbox 1208 2542 1296 2617; x_wconf 88' lang='lat' dir='ltr'><strong>bello</strong></span> 
     </span>
     <span class='ocr_line' id='line_1_22' title="bbox 274 2651 1295 2743; baseline -0.002 -23"><span class='ocrx_word' id='word_1_144' title='bbox 274 2651 434 2720; x_wconf 87' lang='lat' dir='ltr'><strong>Siciliensi</strong></span> <span class='ocrx_word' id='word_1_145' title='bbox 463 2655 664 2741; x_wconf 88' lang='lat' dir='ltr'><strong>interficitur,</strong></span> <span class='ocrx_word' id='word_1_146' title='bbox 689 2658 810 2726; x_wconf 89' lang='lat' dir='ltr'><strong>relictis</strong></span> <span class='ocrx_word' id='word_1_147' title='bbox 837 2657 939 2724; x_wconf 86' lang='lat' dir='ltr'><strong>tribus</strong></span> <span class='ocrx_word' id='word_1_148' title='bbox 968 2656 1042 2722; x_wconf 88' lang='lat' dir='ltr'><strong>filiis</strong></span> <span class='ocrx_word' id='word_1_149' title='bbox 1063 2658 1134 2743; x_wconf 85' lang='lat' dir='ltr'><strong>sq.“</strong></span> <span class='ocrx_word' id='word_1_150' title='bbox 1156 2656 1190 2720; x_wconf 88' lang='lat' dir='ltr'><strong>in</strong></span> <span class='ocrx_word' id='word_1_151' title='bbox 1207 2675 1295 2720; x_wconf 86' lang='lat' dir='ltr'><strong>anno</strong></span> 
     </span>
     <span class='ocr_line' id='line_1_23' title="bbox 228 2746 1297 2844; baseline 0 -23"><span class='ocrx_word' id='word_1_152' title='bbox 228 2768 231 2772; x_wconf 82' lang='grc'><em>“</em></span> <span class='ocrx_word' id='word_1_153' title='bbox 272 2746 353 2837; x_wconf 75' lang='grc'><strong>480,</strong></span> <span class='ocrx_word' id='word_1_154' title='bbox 375 2755 483 2823; x_wconf 85' lang='lat' dir='ltr'><strong>verbis</strong></span> <span class='ocrx_word' id='word_1_155' title='bbox 513 2759 569 2840; x_wconf 88' lang='lat' dir='ltr'><strong>„in</strong></span> <span class='ocrx_word' id='word_1_156' title='bbox 591 2758 701 2827; x_wconf 87' lang='lat' dir='ltr'><strong>Sicilia</strong></span> <span class='ocrx_word' id='word_1_157' title='bbox 724 2761 886 2826; x_wconf 90' lang='lat' dir='ltr'><strong>inlocum</strong></span> <span class='ocrx_word' id='word_1_158' title='bbox 909 2759 1102 2826; x_wconf 86' lang='lat' dir='ltr'><strong>Hamilcaris</strong></span> <span class='ocrx_word' id='word_1_159' title='bbox 1122 2761 1297 2844; x_wconf 89' lang='lat' dir='ltr'><strong>imperator</strong></span> 
     </span>
    </p>
   </div>
   <div class='ocr_carea' id='block_1_3' title="bbox 272 2856 1295 2948">
    <p class='ocr_par' dir='ltr' id='par_1_6' title="bbox 272 2856 1295 2948">
     <span class='ocr_line' id='line_1_24' title="bbox 272 2856 1295 2948; baseline 0.003 -27"><span class='ocrx_word' id='word_1_160' title='bbox 272 2856 386 2924; x_wconf 87' lang='lat' dir='ltr'><strong>Imilce</strong></span> <span class='ocrx_word' id='word_1_161' title='bbox 410 2859 572 2927; x_wconf 77' lang='lat' dir='ltr'><strong>succedit‘</strong></span> <span class='ocrx_word' id='word_1_162' title='bbox 595 2862 699 2930; x_wconf 90' lang='lat' dir='ltr'><strong>subito</strong></span> <span class='ocrx_word' id='word_1_163' title='bbox 718 2865 753 2929; x_wconf 92' lang='lat' dir='ltr'><strong>in</strong></span> <span class='ocrx_word' id='word_1_164' title='bbox 773 2885 859 2930; x_wconf 87' lang='lat' dir='ltr'><strong>anno</strong></span> <span class='ocrx_word' id='word_1_165' title='bbox 879 2857 954 2946; x_wconf 83' lang='lat'><strong>396,</strong></span> <span class='ocrx_word' id='word_1_166' title='bbox 975 2864 1009 2927; x_wconf 90' lang='lat' dir='ltr'><strong>in</strong></span> <span class='ocrx_word' id='word_1_167' title='bbox 1026 2861 1178 2948; x_wconf 88' lang='lat' dir='ltr'><strong>Dionysii</strong></span> <span class='ocrx_word' id='word_1_168' title='bbox 1200 2880 1295 2946; x_wconf 92' lang='lat' dir='ltr'><strong>supe-</strong></span> 
     </span>
    </p>
   </div>
   <div class='ocr_carea' id='block_1_4' title="bbox 272 2961 867 3050">
    <p class='ocr_par' dir='ltr' id='par_1_7' title="bbox 272 2961 867 3050">
     <span class='ocr_line' id='line_1_25' title="bbox 272 2961 867 3050; baseline 0.013 -25"><span class='ocrx_word' id='word_1_169' title='bbox 272 2961 364 3027; x_wconf 87' lang='lat' dir='ltr'><strong>rioris</strong></span> <span class='ocrx_word' id='word_1_170' title='bbox 386 2965 515 3050; x_wconf 82' lang='lat' dir='ltr'><strong>tyranni</strong></span> <span class='ocrx_word' id='word_1_171' title='bbox 535 2964 670 3031; x_wconf 90' lang='lat' dir='ltr'><strong>historia</strong></span> <span class='ocrx_word' id='word_1_172' title='bbox 691 2988 867 3036; x_wconf 88' lang='lat' dir='ltr'><strong>versamur.</strong></span> 
     </span>
    </p>
   </div>
   <div class='ocr_carea' id='block_1_5' title="bbox 332 3057 1374 3156">
    <p class='ocr_par' dir='ltr' id='par_1_8' title="bbox 332 3057 1374 3156">
     <span class='ocr_line' id='line_1_26' title="bbox 332 3057 1374 3156; baseline 0.003 -27"><span class='ocrx_word' id='word_1_173' title='bbox 332 3063 499 3132; x_wconf 90' lang='lat' dir='ltr'><strong>Postremo</strong></span> <span class='ocrx_word' id='word_1_174' title='bbox 533 3069 714 3134; x_wconf 85' lang='lat' dir='ltr'><strong>accuratius</strong></span> <span class='ocrx_word' id='word_1_175' title='bbox 751 3077 826 3134; x_wconf 92' lang='lat' dir='ltr'><strong>sunt</strong></span> <span class='ocrx_word' id='word_1_176' title='bbox 859 3065 1056 3156; x_wconf 87' lang='lat' dir='ltr'><strong>explicanda</strong></span> <span class='ocrx_word' id='word_1_177' title='bbox 1083 3066 1183 3132; x_wconf 85' lang='lat' dir='ltr'><strong>verba</strong></span> <span class='ocrx_word' id='word_1_178' title='bbox 1208 3057 1294 3134; x_wconf 73' lang='lat' dir='ltr'><strong>lust,</strong></span> <span class='ocrx_word' id='word_1_179' title='bbox 1370 3115 1374 3119; x_wconf 86' lang='lat'>-</span> 
     </span>
    </p>
   </div>
   <div class='ocr_carea' id='block_1_6' title="bbox 271 3163 1295 3976">
    <p class='ocr_par' dir='ltr' id='par_1_9' title="bbox 271 3163 1295 3976">
     <span class='ocr_line' id='line_1_27' title="bbox 272 3163 1295 3259; baseline 0.004 -27"><span class='ocrx_word' id='word_1_180' title='bbox 272 3165 376 3244; x_wconf 75' lang='lat' dir='ltr'><strong>XIX,</strong></span> <span class='ocrx_word' id='word_1_181' title='bbox 399 3164 429 3248; x_wconf 92' lang='lat' dir='ltr'><strong>l,</strong></span> <span class='ocrx_word' id='word_1_182' title='bbox 451 3163 482 3245; x_wconf 88' lang='lat'><strong>8,</strong></span> <span class='ocrx_word' id='word_1_183' title='bbox 500 3164 521 3234; x_wconf 85' lang='lat'><strong>9</strong></span> <span class='ocrx_word' id='word_1_184' title='bbox 550 3168 726 3253; x_wconf 88' lang='lat' dir='ltr'><strong>„Hostibus</strong></span> <span class='ocrx_word' id='word_1_185' title='bbox 748 3194 875 3259; x_wconf 89' lang='lat' dir='ltr'><strong>quoqne</strong></span> <span class='ocrx_word' id='word_1_186' title='bbox 897 3192 1027 3238; x_wconf 89' lang='lat' dir='ltr'><strong>crevere</strong></span> <span class='ocrx_word' id='word_1_187' title='bbox 1047 3171 1164 3252; x_wconf 88' lang='lat' dir='ltr'><strong>animi,</strong></span> <span class='ocrx_word' id='word_1_188' title='bbox 1191 3167 1295 3236; x_wconf 86' lang='lat' dir='ltr'><strong>veluti</strong></span> 
     </span>
     <span class='ocr_line' id='line_1_28' title="bbox 272 3267 1295 3362; baseline 0.004 -28"><span class='ocrx_word' id='word_1_189' title='bbox 272 3289 346 3334; x_wconf 88' lang='lat' dir='ltr'><strong>cum</strong></span> <span class='ocrx_word' id='word_1_190' title='bbox 366 3267 449 3334; x_wconf 90' lang='lat' dir='ltr'><strong>duce</strong></span> <span class='ocrx_word' id='word_1_191' title='bbox 469 3272 555 3338; x_wconf 88' lang='lat' dir='ltr'><strong>vires</strong></span> <span class='ocrx_word' id='word_1_192' title='bbox 578 3273 762 3338; x_wconf 90' lang='lat' dir='ltr'><strong>Poenorum</strong></span> <span class='ocrx_word' id='word_1_193' title='bbox 783 3275 982 3343; x_wconf 89' lang='lat' dir='ltr'><strong>cecidissent.</strong></span> <span class='ocrx_word' id='word_1_194' title='bbox 1026 3273 1140 3362; x_wconf 85' lang='lat' dir='ltr'><strong>Itaque</strong></span> <span class='ocrx_word' id='word_1_195' title='bbox 1160 3271 1295 3338; x_wconf 84' lang='lat' dir='ltr'><strong>Siciliae</strong></span> 
     </span>
     <span class='ocr_line' id='line_1_29' title="bbox 272 3370 1294 3464; baseline 0.004 -28"><span class='ocrx_word' id='word_1_196' title='bbox 272 3370 402 3458; x_wconf 80' lang='lat' dir='ltr'><strong>populis</strong></span> <span class='ocrx_word' id='word_1_197' title='bbox 423 3382 555 3459; x_wconf 90' lang='lat' dir='ltr'><strong>propter</strong></span> <span class='ocrx_word' id='word_1_198' title='bbox 579 3374 726 3441; x_wconf 86' lang='lat' dir='ltr'><strong>assiduas</strong></span> <span class='ocrx_word' id='word_1_199' title='bbox 749 3375 1061 3464; x_wconf 79' lang='lat' dir='ltr'><strong>Carthaginiensium</strong></span> <span class='ocrx_word' id='word_1_200' title='bbox 1091 3376 1223 3464; x_wconf 89' lang='lat' dir='ltr'><strong>injurias</strong></span> <span class='ocrx_word' id='word_1_201' title='bbox 1251 3374 1294 3440; x_wconf 85' lang='lat' dir='ltr'><strong>ad</strong></span> 
     </span>
     <span class='ocr_line' id='line_1_30' title="bbox 271 3472 1294 3566; baseline 0.004 -28"><span class='ocrx_word' id='word_1_202' title='bbox 271 3472 448 3540; x_wconf 88' lang='lat' dir='ltr'><strong>Leonidam</strong></span> <span class='ocrx_word' id='word_1_203' title='bbox 472 3474 604 3541; x_wconf 86' lang='lat' dir='ltr'><strong>fratrem</strong></span> <span class='ocrx_word' id='word_1_204' title='bbox 630 3479 716 3564; x_wconf 83' lang='lat' dir='ltr'><strong>regis</strong></span> <span class='ocrx_word' id='word_1_205' title='bbox 738 3479 985 3566; x_wconf 84' lang='lat' dir='ltr'><strong>Spartanorum,</strong></span> <span class='ocrx_word' id='word_1_206' title='bbox 1016 3475 1294 3561; x_wconf 88' lang='lat' dir='ltr'><strong>concurrentibus,</strong></span> 
     </span>
     <span class='ocr_line' id='line_1_31' title="bbox 271 3575 1295 3668; baseline 0.004 -28"><span class='ocrx_word' id='word_1_207' title='bbox 271 3597 371 3662; x_wconf 84' lang='lat' dir='ltr'><strong>grave</strong></span> <span class='ocrx_word' id='word_1_208' title='bbox 391 3575 513 3643; x_wconf 92' lang='lat' dir='ltr'><strong>bellum</strong></span> <span class='ocrx_word' id='word_1_209' title='bbox 536 3589 665 3666; x_wconf 88' lang='lat' dir='ltr'><strong>natum,</strong></span> <span class='ocrx_word' id='word_1_210' title='bbox 699 3582 733 3645; x_wconf 93' lang='lat' dir='ltr'><strong>in</strong></span> <span class='ocrx_word' id='word_1_211' title='bbox 764 3602 827 3668; x_wconf 91' lang='lat' dir='ltr'><strong>quo</strong></span> <span class='ocrx_word' id='word_1_212' title='bbox 850 3588 882 3646; x_wconf 88' lang='lat' dir='ltr'><strong>et</strong></span> <span class='ocrx_word' id='word_1_213' title='bbox 905 3579 961 3646; x_wconf 93' lang='lat' dir='ltr'><strong>diu</strong></span> <span class='ocrx_word' id='word_1_214' title='bbox 984 3589 1015 3646; x_wconf 89' lang='lat' dir='ltr'><strong>et</strong></span> <span class='ocrx_word' id='word_1_215' title='bbox 1042 3581 1133 3646; x_wconf 87' lang='lat' dir='ltr'><strong>varia</strong></span> <span class='ocrx_word' id='word_1_216' title='bbox 1158 3579 1295 3646; x_wconf 78' lang='lat' dir='ltr'><strong>victoria</strong></span> 
     </span>
     <span class='ocr_line' id='line_1_32' title="bbox 271 3676 1292 3768; baseline 0.005 -26"><span class='ocrx_word' id='word_1_217' title='bbox 271 3676 466 3764; x_wconf 87' lang='lat' dir='ltr'><strong>proeliatum</strong></span> <span class='ocrx_word' id='word_1_218' title='bbox 493 3680 586 3751; x_wconf 82' lang='lat' dir='ltr'><strong>fuit.“</strong></span> <span class='ocrx_word' id='word_1_219' title='bbox 618 3683 758 3750; x_wconf 88' lang='lat' dir='ltr'><strong>Derisus</strong></span> <span class='ocrx_word' id='word_1_220' title='bbox 782 3683 869 3748; x_wconf 88' lang='lat' dir='ltr'><strong>enim</strong></span> <span class='ocrx_word' id='word_1_221' title='bbox 888 3681 1141 3750; x_wconf 84' lang='lat' dir='ltr'><strong>Anaxandridae</strong></span> <span class='ocrx_word' id='word_1_222' title='bbox 1163 3681 1292 3768; x_wconf 88' lang='lat' dir='ltr'><strong>Sparta·</strong></span> 
     </span>
     <span class='ocr_line' id='line_1_33' title="bbox 271 3783 1294 3873; baseline 0.007 -29"><span class='ocrx_word' id='word_1_223' title='bbox 271 3801 386 3845; x_wconf 89' lang='lat' dir='ltr'><strong>norum</strong></span> <span class='ocrx_word' id='word_1_224' title='bbox 406 3783 492 3868; x_wconf 86' lang='lat' dir='ltr'><strong>regis</strong></span> <span class='ocrx_word' id='word_1_225' title='bbox 510 3783 596 3850; x_wconf 89' lang='lat' dir='ltr'><strong>filius</strong></span> <span class='ocrx_word' id='word_1_226' title='bbox 618 3808 718 3873; x_wconf 91' lang='lat' dir='ltr'><strong>quum</strong></span> <span class='ocrx_word' id='word_1_227' title='bbox 738 3785 892 3852; x_wconf 84' lang='lat' dir='ltr'><strong>fratribus</strong></span> <span class='ocrx_word' id='word_1_228' title='bbox 911 3795 943 3852; x_wconf 90' lang='lat' dir='ltr'><strong>et</strong></span> <span class='ocrx_word' id='word_1_229' title='bbox 965 3785 1102 3854; x_wconf 89' lang='lat' dir='ltr'><strong>consilio</strong></span> <span class='ocrx_word' id='word_1_230' title='bbox 1123 3793 1155 3852; x_wconf 88' lang='lat' dir='ltr'><strong>et</strong></span> <span class='ocrx_word' id='word_1_231' title='bbox 1174 3786 1294 3851; x_wconf 83' lang='lat' dir='ltr'><strong>virtute</strong></span> 
     </span>
     <span class='ocr_line' id='line_1_34' title="bbox 271 3881 1294 3976; baseline 0.004 -28"><span class='ocrx_word' id='word_1_232' title='bbox 271 3881 403 3950; x_wconf 88' lang='lat' dir='ltr'><strong>militari</strong></span> <span class='ocrx_word' id='word_1_233' title='bbox 424 3883 521 3972; x_wconf 85' lang='lat' dir='ltr'><strong>longe</strong></span> <span class='ocrx_word' id='word_1_234' title='bbox 543 3889 694 3974; x_wconf 86' lang='lat' dir='ltr'><strong>anteiret,</strong></span> <span class='ocrx_word' id='word_1_235' title='bbox 729 3890 822 3976; x_wconf 84' lang='lat' dir='ltr'><strong>regni</strong></span> <span class='ocrx_word' id='word_1_236' title='bbox 842 3911 1000 3957; x_wconf 88' lang='lat' dir='ltr'><strong>summam</strong></span> <span class='ocrx_word' id='word_1_237' title='bbox 1021 3888 1065 3956; x_wconf 85' lang='lat' dir='ltr'><strong>ad</strong></span> <span class='ocrx_word' id='word_1_238' title='bbox 1094 3910 1129 3956; x_wconf 91' lang='lat' dir='ltr'><strong>se</strong></span> <span class='ocrx_word' id='word_1_239' title='bbox 1149 3886 1294 3956; x_wconf 85' lang='lat' dir='ltr'><strong>delatum</strong></span> 
     </span>
    </p>
   </div>
   <div class='ocr_carea' id='block_1_7' title="bbox 0 0 1464 5046">
    <p class='ocr_par' dir='ltr' id='par_1_10' title="bbox 0 0 1464 5046">
     <span class='ocr_line' id='line_1_35' title="bbox 0 0 1464 5046; baseline 0 0"><span class='ocrx_word' id='word_1_240' title='bbox 0 0 1464 5046; x_wconf 95' lang='lat' dir='ltr'><strong> </strong></span> 
     </span>
    </p>
   </div>
  </div>
 </body>
</html>
