2920 5046
581 434 623 506 37

86 615 89 621 ¹
139 627 216 692 Hoc
238 626 329 709 loco,
362 625 448 692 unde
468 627 596 713 Trogus
623 649 722 716 quum
742 629 891 695 historias
914 628 1035 714 priores
1057 627 1107 696 Si·

81 725 169 792 culas
192 735 266 792 tum
288 750 340 793 res
359 727 495 805 Gelonis
514 739 619 813 gestas
643 729 797 814 hauserit,
818 731 1024 818 inquiramus.

138 829 180 893 In
217 828 303 894 libro
338 833 423 894 enim
456 831 548 896 tertio
580 830 736 898 Graeciae
769 832 902 898 historia
933 852 1036 918 usque
1063 831 1105 896 ad

80 929 331 995 Atheniensium
351 934 386 997 in
406 931 495 998 bello
516 933 790 1020 Peloponnesiaco
812 934 1049 1020 expeditionem
1072 933 1107 998 in

79 1031 226 1098 Siciliam
250 1033 365 1099 facum
381 1033 518 1101 deducta
538 1045 594 1100 est.
628 1033 718 1100 Haec
733 1037 1001 1122 opportunitatem
1015 1056 1106 1121 prae-

79 1133 147 1198 buit
183 1135 296 1218 Trogo
334 1136 376 1203 ad
412 1137 634 1223 antiquissima
666 1146 812 1223 tempora
845 1135 974 1204 Siciliae
1004 1135 1107 1223 expli·
1195 1191 1197 1194 .

80 1235 193 1318 canda,
215 1235 334 1324 quibus
357 1235 489 1302 omnem‘
504 1239 590 1304 huno
609 1239 728 1304 librum
750 1241 900 1325 quartum
924 1238 1107 1320 destinavit,

79 1339 121 1402 ita
144 1340 249 1421 enirn,
272 1348 309 1403 ut
330 1361 370 1404 ea
390 1361 495 1426 usque
515 1340 558 1405 ad
579 1339 716 1407 deletam
736 1364 757 1406 a
775 1340 987 1428 Syracusanis
1009 1339 1106 1404 Athe-

79 1441 244 1505 niensium
276 1440 410 1508 classem
436 1442 600 1528 produxit.
655 1443 808 1531 Sequitur
837 1441 953 1508 deinde
982 1440 1106 1506 decimo

80 1551 192 1608 octavo
222 1541 340 1630 Pyrrhi
373 1543 496 1612 bellum
531 1567 604 1609 cum
630 1545 782 1610 Romanis
815 1552 943 1630 gestum
975 1543 1107 1630 ejusque

79 1647 235 1722 transitus
256 1645 290 1709 in
312 1643 456 1710 Siciliam
477 1645 593 1712 factus.
645 1649 754 1729 Quum
777 1655 884 1712 autem
905 1642 1034 1711 Siciliae
1054 1665 1106 1709 res

80 1768 182 1834 usque
206 1746 251 1812 ad
273 1746 551 1840 Syracusanorum
574 1748 616 1814 de
637 1747 888 1814 Atheniensibus
910 1752 1112 1831 reportatam

80 1850 250 1914 victoriam
267 1851 336 1937 jam
358 1848 439 1914 libro
464 1859 577 1937 quarto
601 1860 748 1916 enarrata
770 1857 893 1932 essent,
917 1849 1012 1936 hujus
1032 1844 1108 1912 libri

80 1951 168 2016 initio
192 1951 260 2016 illis
281 1949 387 2017 denuo
410 1954 516 2039 capite
537 1954 641 2039 primo
664 1951 721 2022 lib.
742 1951 835 2022 XIX.
855 1951 998 2018 breviter
1018 1969 1108 2035 repe·

80 2053 144 2117 titis
173 2054 340 2120 historiam
361 2052 502 2120 Siculam
524 2077 627 2142 usque
658 2054 803 2122 adhaec
833 2063 979 2140 tempora
1000 2071 1107 2138 perse·

81 2155 198 2240 quitur.
311 2185 312 2190 ¹

146 2257 238 2324 Inter
260 2259 448 2345 scriptorese
480 2259 536 2345 qui
556 2259 650 2326 nobis
672 2259 713 2325 de
735 2259 780 2324 eis
802 2257 916 2341 rebus,
949 2278 1030 2344 quas
1051 2253 1115 2329 Jus

82 2361 183 2426 stinus
206 2360 289 2426 libro
313 2370 426 2448 quarto
449 2361 559 2443 affert,
595 2363 735 2448 primum
754 2361 861 2426 locum
884 2357 1108 2447 Thucydidem
1187 2445 1193 2459 ι

82 2468 193 2528 tenere
216 2485 313 2529 nemo
333 2465 470 2548 ignorat3
504 2463 561 2528 sed
579 2463 658 2530 alios
679 2463 741 2529 sihi
761 2463 859 2529 duces
881 2462 1026 2547 Trogum
1048 2458 1109 2525 ele·

82 2564 165 2646 gissa
188 2563 352 2632 eJustino
375 2565 469 2632 nobis
493 2567 570 2630 satis
589 2573 743 2652 apparet,
765 2565 854 2652 quod
873 2564 939 2629 alia
959 2563 1106 2647 legimus,

85 2688 166 2751 quae
179 2667 389 2756 Thucydides
404 2669 520 2749 omisit,
544 2666 609 2732 alia
624 2689 709 2754 quae
721 2667 814 2734 aliter
828 2665 969 2738 tradidit.
995 2661 1109 2751 Neque

83 2773 189 2835 tamen
220 2769 335 2858 quibus
359 2791 402 2835 ex
430 2768 588 2852 fontibus,
623 2791 705 2856 quae
734 2771 768 2834 in
798 2768 859 2834 hac
894 2766 969 2833 libri
1003 2765 1111 2860 quarti
1148 2783 1149 2787 ’

85 2881 174 2954 parte
196 2871 362 2954 habemus,
386 2872 530 2938 derivata
554 2873 617 2936 sint
638 2870 788 2938 dubitare
809 2891 990 2957 possumus,
1009 2888 1109 2955 quum

85 2974 310 3060 accipiendum
333 2976 373 3040 sit
400 2975 460 3040 hos
483 2973 613 3040 eosdem
635 2975 733 3038 fuisse
763 2995 804 3038 ex
828 2971 946 3059 quibus
966 2969 1110 3034 hauserit

85 3073 257 3146 Diodorus.
315 3077 523 3143 Conveniunt
551 3078 637 3141 enim
666 3079 835 3163 utriusque
864 3071 980 3139 tradite
1010 3091 1109 3156 quum

86 3177 118 3240 in
141 3181 352 3258 retardatum
373 3181 407 3243 in
430 3177 594 3244 nonnullis
608 3179 715 3262 rebus,
738 3199 821 3266 quae
841 3197 900 3262 per
923 3196 958 3241 se
980 3172 1110 3240 levioris

88 3281 218 3366 quidem
239 3273 395 3348 momenti
417 3290 508 3365 sunt,
536 3303 649 3347 verum
672 3281 733 3346 hac
754 3279 796 3344 de
819 3301 916 3346 causa
935 3278 1008 3364 ipsa
1026 3295 1110 3340 com·

88 3401 218 3448 munem
247 3385 387 3449 maxime
406 3383 527 3449 fontem
553 3393 650 3471 atque
671 3383 828 3468 originem
850 3379 1001 3468 produnt.
1056 3376 1111 3442 Sic

90 3479 186 3552 habes
206 3487 293 3574 apud

140 3585 368 3672 Just.1v.‚1,
399 3587 433 3678 ξ.
458 3585 487 3670 1,
511 3583 541 3657 8.
707 3585 804 3654 Diod.
826 3583 894 3668 IV.‚
915 3579 966 3663 85,
990 3576 1021 3650 3.
1053 3633 1055 3636 -

149 3689 292 3756 Siciliam
320 3691 427 3756 ferunt
454 3691 599 3776 angustis
670 3690 750 3774 φασὶ
772 3681 829 3774 γὰρ
852 3686 888 3752 oi
911 3683 1042 3752 παλαιοὶ
1060 3705 1119 3766 μυ-

92 3791 254 3876 quondam
266 3791 531 3860 faucibusltaliae
545 3788 772 3878 αά-θόγραφοι
808 3786 867 3876 τὴν
903 3787 1048 3854 Σικελίαν
1080 3779 1119 3850 τὸ

91 3891 247 4000 haesisse:
267 3896 489 3986 direptamque
511 3893 675 3981 volutaret
706 3897 765 3961 τοῦ
791 3890 986 3982 χερρόνησον
1014 3876 1121 3990 Ι,οὖσαν
