2920 5046
628 463 672 536 2,
803 449 806 467 .

143 657 244 741 xm„
266 655 309 726 92
329 665 400 748 sq).
453 656 574 744 Magno
608 657 741 745 quidem
768 657 865 721 etiem
899 673 1006 718 errore
1037 659 1165 719 tenetur

145 762 271 847 Strabo,
300 765 356 852 qui
376 785 449 828 eum
471 760 644 826 Aristotele
665 760 813 826 ducentis
836 781 936 848 prope
956 758 1049 822 annis
1071 779 1164 844 supe·

143 867 255 932 riorem
266 865 352 936 facit.
385 865 566 931 Diodorum
577 885 653 930 vero
672 885 790 930 nonex
806 865 874 952 ejus
886 866 987 954 ipsius
1004 861 1094 928 libris
1106 859 1164 926 sed

143 969 283 1036 tradente
305 963 440 1036 Timaeo
461 969 606 1034 hausisse
632 967 725 1034 nohis
747 989 936 1055 persuasum
961 975 1025 1035 est:
1053 971 1164 1030 eontra

143 1072 332 1138 Niebuhrius
361 1071 445 1141 Hist.
473 1071 568 1138 Rom.
585 1076 630 1154 1.,
657 1064 719 1152 27,
749 1065 890 1152 40,131
920 1073 1049 1156 Kriigor
1078 1067 1162 1133 Ana·

142 1175 209 1244 leet
233 1199 266 1262 p.
287 1167 330 1241 48
352 1184 383 1240 et
394 1174 577 1262 nuperrime
587 1173 796 1240 Woelfflinus
809 1174 1008 1256 „Antiochus
1031 1169 1164 1238 etAn'ti-

142 1283 247 1364 pater“
277 1301 336 1366 pro
360 1285 446 1344 certo
473 1277 634 1344 affirment
664 1299 761 1365 opera
784 1279 852 1365 ejus
876 1301 896 1342 a
917 1273 1108 1364 Thucydide
1129 1274 1164 1336 in

142 1381 194 1448 lib.
207 1379 277 1464 VL,
299 1388 396 1468 atque
417 1378 459 1446 ab
481 1379 653 1448 Aristotele
676 1374 731 1472 (de
751 1403 819 1468 rep.
833 1379 919 1464 VH,
937 1375 992 1467 10)
1014 1381 1048 1444 in
1068 1375 1165 1444 rebus

143 1482 257 1550 Siculis
281 1483 429 1549 consulte
452 1505 530 1553 esse.

200 1585 331 1652 Deinde
351 1585 505 1652 Philistus
530 1595 578 1654 est
598 1586 915 1670 commemorandus,
947 1587 1038 1674 cujus
1065 1583 1162 1649 histo-

142 1691 205 1754 riae
226 1687 358 1756 Siculae
387 1692 421 1754 in
449 1689 529 1756 duas
552 1698 658 1778 partes
679 1689 802 1757 divisae
825 1697 929 1773 erant,
961 1709 1096 1776 quarum
1117 1685 1163 1752 al-

22 1793 23 1800 '
140 1799 205 1857 tera
228 1799 351 1880 septem
373 1791 464 1858 libris
486 1793 559 1880 plus
576 1815 673 1880 quam
687 1795 863 1881 octigentos
878 1815 980 1860 annos
993 1789 1164 1877 complexa

52 1963 55 1970 ,
141 1895 275 1961 exordio
302 1895 345 1961 ab
373 1897 603 1984 antiquissimis
625 1893 757 1962 Siciliae
784 1895 983 1983 temporibus
1014 1893 1098 1959 facto
1121 1892 1163 1958 ad

141 2007 270 2086 captum
290 2001 505 2084 Agrigentum
534 1998 672 2064 deducta
693 2008 750 2083 est,
768 1999 822 2070 Ol.
846 1997 981 2081 XCIII,
1002 1992 1033 2080 3,
1062 1995 1164 2062 altere

139 2100 226 2168 libris
247 2109 384 2189 quatuor
405 2123 457 2168 res
482 2099 632 2190 Dionysii
652 2104 826 2182 superioris
847 2110 955 2189 gestas
987 2100 1164 2182 enarravit;

136 2213 303 2291 praeterea
338 2204 513 2291 singulare
534 2227 614 2292 opus
648 2205 737 2271 libris
771 2204 897 2271 duobus
929 2228 981 2271 res
1012 2203 1164 2290 Dionysii

136 2307 273 2393 junioris
295 2309 439 2395 quinque
460 2330 518 2396 per
540 2329 643 2374 annos
664 2331 768 2396 usque
789 2308 831 2376 ad
853 2309 905 2378 Ol.
923 2307 1016 2392 clv,
1037 2304 1059 2374 2
1080 2328 1163 2372 com·

140 2407 273 2495 plexum
289 2420 347 2479 est
370 2411 480 2493 (Diod.
489 2409 577 2494 XV,
585 2405 653 2504 89).
675 2411 871 2498 Fragmenta
886 2434 984 2502 quum
1000 2411 1164 2499 sequimur

141 2513 174 2575 in
192 2512 276 2578 libro
305 2515 398 2579 tertio
430 2521 462 2579 et
482 2516 588 2602 prima
610 2517 715 2602 quarti
736 2524 828 2603 parte
853 2515 949 2597 (conf.
971 2513 1162 2599 Sohubring.

140 2613 272 2684 Ztsohft.
294 2615 316 2685 f.
339 2615 416 2702 alig.
439 2615 629 2688 Erdlrunde.
672 2619 713 2684 N.
731 2619 768 2685 F.
790 2616 908 2702 XVII,
929 2614 1004 2700 405)
1028 2617 1163 2685 Gelonis

140 2717 304 2784 historiam
340 2720 497 2785 tractavit.
560 2719 625 2786 Sed
657 2721 697 2786 de
739 2721 845 2808 operis
878 2721 1064 2790 auctoritate
1102 2719 1164 2785 hoe

140 2831 264 2887 tantum
286 2821 392 2887 dicere
415 2845 601 2910 possumus,
627 2823 796 2890 Philistum
816 2825 998 2911 antiquiora
1018 2831 1164 2910 tempora

139 2945 216 2989 vere
243 2923 464 3011 descripsisse,
502 2949 560 2992 sua
593 2929 695 3014 ipsius
723 2936 829 2993 autem
857 2949 924 2992 non
953 2927 1023 2991 sine
1056 2927 1106 2992 ira
1132 2935 1165 2991 et

141 3028 244 3094 studio
276 3027 387 3109 (Diod.
408 3027 511 3113 xlv,
532 3025 575 3110 8).
632 3031 744 3096 Unum
780 3031 876 3115 igitur
908 3038 945 3095 ut
978 3027 1164 3116 exemplum

140 3130 271 3197 efferam
305 3131 452 3198 conferre
485 3131 577 3216 licet,
608 3133 695 3221 quod
724 3133 862 3201 Peucen.
883 3139 927 3217 1.‚
957 3127 1050 3217 13‚9
1078 3131 1164 3217 dicit,

140 3231 231 3298 illum
253 3230 294 3300 τὰ
315 3237 380 3300 τῶν
403 3237 579 3302 Διονυσίου
601 3234 799 3306 ἀνοσιώτατα
822 3240 978 3320 tacuisse,
1007 3245 1039 3302 et
1059 3244 1166 3323 tyran·

140 3337 284 3402 nieorum
309 3339 438 3404 omnino
461 3361 586 3405 morum
619 3342 759 3404 amioum
787 3339 887 3407 fisisse
916 3343 1012 3408 etium
1040 3339 1164 3412 ePlut.

140 3438 240 3508 Dion.
264 3437 304 3506 ll
327 3440 548 3528 intelligimus.
597 3441 706 3524 Quum
731 3443 779 3509 rei
805 3444 955 3530 publicae
982 3451 1051 3509 tum
1080 3443 1164 3510 mili-

141 3545 216 3607 taris
243 3545 453 3630 peritissimus
484 3544 553 3616 fuit.
608 3545 832 3633 Thucydidem
859 3557 965 3614 autem
996 3555 1164 3634 tantopere

141 3645 280 3712 imitatus
305 3655 369 3731 est,
392 3655 428 3714 ut
446 3650 517 3736 ipse
538 3657 631 3715 natus
651 3648 778 3716 Siculus
799 3652 921 3737 primus
945 3671 1091 3716 sermone
1108 3649 1164 3714 At-

140 3750 202 3813 tico
224 3749 260 3812 in
281 3749 413 3816 historia
435 3751 603 3818 condenda
622 3775 698 3818 usus
720 3753 776 3834 sit;
803 3753 861 3818 sed
890 3763 926 3820 ut
953 3752 1054 3818 multo
1079 3752 1168 3832 infir-¹

141 3853 235 3936 mior,
256 3852 300 3918 ita
321 3852 486 3942 aliquanto
508 3853 647 3921 lucidior
667 3855 737 3927 fuit.
805 3857 992 3941 (et-Quint.
1015 3856 1086 3922 inst.
1099 3855 1165 3939 X,

142 3950 177 4037 l,
197 3951 249 4026 74.
286 3954 353 4028 cie.
377 3957 419 4042 de
439 3966 518 4036 orat.
530 3961 586 4040 11,
606 3955 667 4045 13,
682 3953 735 4028 57.
761 3959 851 4032 Brut.
864 3957 915 4046 17,
937 3956 989 4030 66.
1024 3957 1163 4048 Dionys.
