2920 5046
615 446 657 518 31

186 637 225 704 In
245 632 326 704 XIV
327 685 347 721 .,
365 630 407 703 63
428 637 524 721 igitur
546 635 717 703 Philistum
740 637 862 704 fontem
884 637 1002 704 habere
1024 658 1144 728 posses,

124 743 309 830 praesertim
332 761 431 828 quum
451 738 546 828 hujus
558 739 748 827 fragmenta,
769 735 825 808 34-
848 762 920 806 cum
935 739 1033 806 Diod.
1045 740 1146 826 xlv,

123 841 250 912 41-44
277 843 328 926 (cf.
349 841 528 929 Volquard.
559 865 591 929 p.
613 838 688 922 107)
710 852 742 908 et
761 837 815 920 24,
834 837 888 928 25,
918 865 1045 931 qnoque
1072 865 1146 909 eum

124 947 220 1018 Diod.
242 944 323 1012 XIV
325 993 344 1024 .,
366 942 409 1012 47
431 954 624 1030 congruant:
657 945 715 1011 scd
743 946 778 1010 in
807 946 993 1012 universum
1022 954 1146 1028 tantum

125 1057 311 1136 congruunt.
360 1048 414 1114 ux
437 1047 551 1114 eodem
573 1047 699 1115 Philisti
729 1047 812 1114 libro
834 1055 925 1114 sexto
949 1051 1146 1116 rarissimum

125 1153 279 1219 addamus
307 1149 502 1218 vocabulum
535 1150 782 1240 περιστρώματα
815 1152 881 1239 (ap.
915 1152 994 1220 Poll.
1029 1151 1148 1220 Onom.

124 1257 175 1334 X,
197 1251 253 1343 12)
279 1253 482 1343 quodetiam
503 1277 557 1342 ap.
568 1254 762 1338 DiodXII,
785 1250 827 1320 84
849 1256 1019 1323 invenitur.
1056 1255 1148 1322 Haec

125 1368 233 1426 autem
266 1381 342 1445 pars
377 1357 450 1422 libri
471 1355 575 1441 xlv,
608 1357 641 1422 in
670 1381 736 1446 qua
756 1357 814 1422 illa
840 1360 995 1424 memoria
1022 1358 1148 1445 legitur,

125 1463 229 1549 capita
247 1457 324 1528 40-
333 1455 385 1544 78,
405 1460 547 1526 narratio
571 1461 723 1526 nimirum
744 1461 822 1526 belli
834 1461 1148 1547 Carthaginiensium

125 1573 154 1630 ct
168 1563 318 1652 Dionysii
339 1564 514 1650 superioris
537 1562 702 1648 diligentia
724 1562 973 1650 explicandique
995 1567 1029 1638 vi
1051 1574 1148 1654 atque

125 1669 273 1734 interiore
297 1687 406 1732 rerum
431 1665 640 1753 locorumque
669 1667 804 1732 scientia
833 1689 931 1754 super
958 1677 1063 1734 cetera
1092 1691 1148 1734 ex·

124 1771 218 1840 cellit.
274 1769 310 1836 Si
330 1769 429 1855 igitur
450 1769 603 1834 Timaeus
624 1770 694 1855 ipse
715 1769 804 1856 apud
821 1769 936 1858 Polyb.
950 1769 1039 1853 ΧΠ,
1061 1767 1147 1854 25h,

126 1896 158 1939 sc
191 1869 300 1960 πάσης
334 1869 470 1959 ἄπειρον
504 1871 680 1958 πρλεμικῆς
704 1877 815 1958 χρείας
841 1895 911 1938 esse
941 1873 1032 1958 dicit,
1067 1875 1149 1941 haec

125 1986 190 2043 tota
207 1998 284 2064 pars
306 1997 365 2040 nos
388 1975 531 2058 adducit,
563 1983 599 2039 ut
620 1973 790 2040 Philistum
817 1976 938 2042 fontem
967 1977 1066 2044 luisse
1091 2001 1150 2065 pu·

125 2089 263 2148 temus..
295 2077 475 2161 Praeterea,
509 2086 544 2144 ut
570 2078 641 2164 jam
667 2100 766 2164 supra
794 2077 951 2163 diximus,
984 2079 1148 2157 Philistus,

126 2179 350 2270 Thucydidem
371 2180 481 2246 multis
503 2183 538 2245 in
558 2179 655 2246 robus
675 2181 815 2246 imitatus
837 2191 901 2266 est;
931 2184 977 2248 sic
1002 2185 1036 2247 in
1058 2194 1149 2272 poste
1268 2178 1270 2183 ’

126 2283 347 2365 describenda,
370 2305 435 2370 qua
453 2305 540 2349 anno
555 2283 777 2350 trecentesimo
791 2285 951 2350 tricesimo
967 2295 1059 2352 sexto
1073 2286 1150 2352 Oar-

124 2388 372 2476 thaginiensium
408 2388 567 2452 exercitus
603 2387 738 2452 affectus
769 2396 834 2470 est,
866 2387 1019 2454 Philistus
1049 2389 1150 2478 (apud

124 2491 222 2561 Diod.
244 2489 349 2570 XIV,
370 2485 424 2569 Tl)
448 2488 671 2577 Thucydidem
692 2489 760 2578 (IL,
781 2485 836 2576 49)
865 2501 1073 2579 praeeuntem
1093 2493 1149 2560 ha·

123 2594 231 2662 buisse
251 2593 387 2664 videtur.
520 2598 523 2606 ’
632 2618 638 2628 ·

185 2697 313 2764 Tamen
333 2697 367 2761 in
387 2693 455 2761 tota
476 2695 612 2762 Diodori
634 2697 784 2762 historiae
806 2698 992 2764 scribendae
1017 2701 1151 2784 ratione,
1172 2733 1174 2739 ·

124 2810 159 2868 ut
175 2803 247 2892 jam
271 2799 448 2886 Volquard.
470 2821 502 2885 p.
525 2795 567 2868 26
595 2801 672 2866 satis
702 2800 920 2888 praedicavit,
954 2802 1151 2869 verisimile

122 2912 273 2982 nonest,
306 2925 379 2968 eum
400 2903 534 2969 Philisto
562 2903 651 2969 fonte
679 2905 832 2990 primario
854 2927 948 2970 usum
978 2926 1062 2987 esse,
1093 2905 1151 2972 scd

124 3010 231 3096 potius
252 3029 325 3073 eum
347 3006 442 3094 hujus
464 3008 682 3073 narrationem
703 3029 762 3094 per
779 3007 947 3074 Timaeum
971 3007 1150 3096 suscepisse

124 3110 348 3198 accipiendum
381 3119 437 3179 est.
486 3109 764 3197 Volquardsenius
787 3113 885 3197 igitur
907 3114 1037 3178 omnino
1067 3134 1151 3178 oom-

123 3235 304 3280 memorare
324 3214 499 3300 potuisset,
525 3235 585 3279 nos
605 3236 702 3300 saepe
723 3215 890 3280 Timaeum
908 3215 1078 3282 Philistum
1099 3238 1151 3282 ae·

125 3317 283 3383 mulctum
305 3338 375 3382 esse
397 3337 601 3401 cognoscere.
1001 3315 1003 3321 ’

189 3419 256 3486 Sed
285 3429 424 3506 utroque
449 3419 519 3485 loco
550 3419 661 3500 (Diod.
684 3419 756 3504 XI,
775 3416 827 3504 38,
854 3421 958 3505 XIV,
982 3419 1036 3507 63)
1069 3425 1152 3488 inter

126 3523 261 3590 Gelonis
279 3532 521 3610 monumentum
542 3530 574 3588 et
595 3523 778 3610 sepulcrum
808 3523 1071 3610 distinguendum
1092 3535 1149 3596 est.
1173 3549 1175 3556 ·

190 3625 357 3694 Nonnulla
385 3627 480 3693 etiam
506 3626 547 3692 de
576 3628 679 3714 capite
706 3627 971 3694 vicesimotertio
1001 3627 1151 3695 addenda

124 3739 212 3796 sunta
260 3728 402 3812 Quaerat
417 3731 503 3795 enim
525 3730 684 3818 quispiam
691 3778 701 3814 ,
728 3738 835 3796 utrum
858 3728 1038 3816 Diodorus,
1067 3752 1152 3820 quae

125 3833 190 3901 hoo
209 3842 307 3921 capnt
329 3834 470 3900 continet
490 3855 618 3923 quoquc
640 3836 675 3900 in
695 3833 838 3918 Timaei,
867 3857 909 3901 an
928 3836 962 3900 in
984 3833 1151 3922 cujusdam

127 3938 213 4004 alius
236 3960 331 4026 opere
353 3939 522 4023 invenerit,
539 3961 583 4005 an
601 3939 671 4026 ipse
689 3936 857 4023 addiderit,
879 3933 1006 4023 deinde,
1027 3939 1082 4025 qui
1102 3937 1151 4004 illi
