2920 5046
645 407 687 479 39

130 589 309 679 telamque
355 615 465 661 eorum
508 596 831 685 Micythoariparvor,
864 598 923 686 τὴν
944 602 981 666 δὲ
1003 603 1177 686 τυραννίδα

131 700 309 777 spectatae
339 695 413 762 fidei
447 720 539 788 serve
573 723 656 768 com·
666 704 827 778 διεδέξατο
870 706 1018 775 listovius
1060 715 1177 770 utores

129 793 291 866 misisset.
336 820 384 886 sq.
665 805 736 877 θεὶς
776 792 858 869 dors
897 796 1072 872 duodecim
1111 811 1176 878 ταῖς

665 896 1175 992 νέκναιςτοῦτέλεννήαανααςαῦαν

664 1010 747 1080 νέαις
767 997 825 1093 τὴν
847 1002 978 1094 ἡλικίαν.

200 1209 389 1277 Diodorum
417 1212 451 1276 in
476 1210 539 1277 hoc
559 1211 649 1277 'libro
672 1212 799 1298 quinto,
835 1211 890 1297 qui
914 1211 1097 1304 Νησιατανὴ
1116 1213 1164 1278 in-

129 1313 281 1397 scriptus
312 1319 376 1396 est,
420 1313 587 1379 Timaeum
622 1320 792 1402 sequutum
829 1333 899 1378 esse
935 1311 1166 1380 demonstravit

127 1411 349 1484 Muellenhof.
371 1414 536 1481 Deutsohe
558 1413 864 1508 Alterthumslrunde
884 1413 921 1497 1,
943 1410 1016 1484 425.

205 1617 391 1701 „Diodorus
417 1638 513 1701 vero,
549 1618 656 1705 inquit
684 1618 878 1701 Heerenius,
914 1638 949 1683 se
974 1618 1009 1682 in
1037 1617 1087 1682 his
1105 1617 1162 1682 'Pi-

130 1741 269 1785 maeum
293 1729 325 1785 et
345 1719 591 1807 Theopompum
618 1727 789 1808 sequutum
818 1742 889 1786 esse
919 1720 989 1806 ipse
1010 1719 1160 1788 indicat“

128 1819 263 1886 Verum
286 1843 350 1886 uno
381 1830 505 1886 tantum
526 1821 597 1888 looo
621 1821 733 1903 (XVI,
756 1819 807 1904 ll,
827 1817 879 1905 3),
914 1812 1160 1908 Theopompum

131 1921 258 1988 Chium
282 1923 382 1987 tribus
404 1921 496 1988 libris
519 1923 645 1990 Siculas
663 1945 714 1988 res
735 1923 943 2010 descripsisse
965 1922 1060 2004 dicit,
1082 1923 1160 1988 inci·

130 2026 282 2110 pientem
295 2048 316 2090 a
329 2025 479 2112 Dionysii
499 2026 670 2112 superioris
691 2027 820 2113 tyranni
837 2024 1035 2112 temporibus
1057 2038 1164 2112 usque·
1238 2073 1246 2088 .

131 2125 178 2190 ad
213 2135 349 2193 mortem
378 2127 529 2215 Dionysii
557 2128 697 2214 junioris
733 2127 985 2208 continuantem,
1020 2147 1084 2214 quo
1117 2143 1164 2191 ex·

132 2227 210 2294 loco
245 2251 318 2294 eum
346 2228 437 2295 illum
466 2229 587 2296 fontem
609 2231 643 2294 in
666 2229 784 2296 Siculis
806 2229 904 2296 rebus
933 2229 1048 2296 afferre
1074 2227 1159 2296 velle

132 2329 291 2416 colligere
311 2354 377 2396 non
398 2354 578 2418 possumus.
634 2367 636 2374 v
980 2325 981 2328 ¹

90 2472 92 2478 ·
201 2431 298 2512 Quod
326 2432 444 2498 deinde
471 2434 514 2500 ad
541 2433 615 2500 libri
636 2433 762 2502 XVIII.
787 2434 891 2500 fontes
914 2436 1041 2518 attinet,
1073 2432 1157 2499 Hee-

132 2531 246 2600 renir'rs
267 2535 350 2601 falso
373 2557 405 2622 p.
427 2529 491 2603 226
515 2557 652 2620 „unum,
674 2537 795 2624 inquit,
817 2547 924 2603 tamen
946 2546 1010 2618 est,
1031 2536 1157 2624 dequo

133 2634 288 2703 dubitare
306 2640 420 2725 possis,
444 2660 562 2726 nempe
580 2659 658 2703 num
674 2637 903 2726 Theopompus
919 2637 1158 2723 Carthaginien-

133 2741 218 2804 sium
241 2763 371 2828 quoque
392 2761 444 2806 res
468 2741 620 2826 attigerit,
641 2749 677 2806 ut
698 2740 936 2807 adeoJustinus
957 2741 993 2804 in
1015 2739 1065 2804 his
1081 2761 1157 2826 quo·

133 2863 198 2926 que
226 2863 300 2906 eum
328 2843 419 2929 sequi
446 2843 594 2929 potuerit.
648 2842 687 2908 In
717 2845 844 2929 paucis,
878 2864 962 2930 quae
987 2863 1029 2906 ex
1051 2838 1156 2905 Theos

132 2945 247 3030 pompi
271 2965 367 3032 opere
387 2954 577 3031 supersunt,
603 2944 789 3030 fragmentis
812 2943 894 3010 nihil
915 2943 1045 3032 quidem
1069 2942 1158 3030 quod

133 3045 177 3112 ad
201 3045 427 3132 Carthaginem
448 3046 560 3114 referri
582 3048 700 3134 possit,
728 3049 869 3132 reperio;
890 3067 966 3112 vero
989 3043 1155 3129 Carthagi·

133 3134 295 3214 niensium
317 3169 370 3214 res
391 3150 525 3214 minime
547 3149 588 3214 ab
608 3171 646 3214 eo
675 3149 799 3215 silentio
821 3149 987 3236 praeteriri
1014 3147 1156 3236 potuisse

133 3272 185 3316 res
208 3252 280 3339 ipsa
302 3249 403 3320 docet.
455 3251 528 3332 Quo
550 3250 643 3318 modo
666 3253 753 3316 enim
772 3250 1065 3339 Syracusanorum,
1099 3248 1156 3336 qui

134 3354 285 3419 continua
319 3353 386 3419 fere
414 3352 501 3420 bella
535 3376 608 3420 curn
637 3353 956 3440 Carthaginiensibus
990 3350 1155 3450 gerebant,

133 3476 185 3520 res
207 3477 369 3542 exponere
391 3457 547 3544 potuisset
566 3457 629 3522 nisi
649 3456 764 3522 horum
786 3477 915 3544 quoque
931 3454 1154 3542 expeditiones

134 3557 368 3645 descripsisset,
405 3581 485 3646 quas
522 3559 549 3624 si
586 3559 692 3645 attigit
724 3557 864 3644 origines
900 3579 1029 3646 quoque
1064 3554 1155 3622 urbis

134 3682 243 3726 eorum
264 3669 296 3726 et
318 3661 518 3727 incrementa
539 3681 629 3726 more
650 3681 707 3725 suo
730 3683 768 3726 ac
784 3682 844 3747 pro
866 3659 997 3726 oonsilio
1011 3659 1155 3724 universi

134 3765 240 3849 operis
273 3764 308 3828 in
341 3784 478 3830 excursu
511 3771 657 3850 repetere
690 3762 831 3830 debuit.“
887 3763 971 3830 Nam
999 3763 1096 3828 etiam
1125 3762 1154 3827 si

134 3866 381 3939 concederemus
414 3865 662 3956 Theopompum
693 3867 916 3956 antiquissima
949 3862 1153 3950 Carthaginis
