2920 5046
200 1493 340 1560 Nomine
367 1494 564 1581 tyrannidis,
598 1495 684 1584 quod
714 1516 820 1582 nequo
847 1493 936 1582 apud
963 1495 1141 1564 Homerum

115 1619 224 1684 neque
246 1595 425 1662 Hesiodum
448 1595 580 1683 legitur,
605 1607 645 1681 et,
667 1606 704 1664 ut
725 1596 898 1663 scholiasta
921 1598 1074 1688 Aeschyli
1096 1599 1139 1666 ad

105 1689 278 1770 fPrometh,
301 1722 332 1764 v.
354 1694 418 1766 224
441 1698 543 1787 docet,
565 1702 599 1767 in
620 1695 806 1768 universum
828 1701 1001 1768 veterrimo
1023 1705 1140 1791 cuique

117 1801 266 1888 scriptori
297 1802 440 1888 ignotum
464 1801 540 1886 fuit,
571 1802 689 1870 Graeci
716 1825 844 1869 omnem
873 1802 1024 1890 injustam
1048 1806 1082 1870 in
1104 1805 1141 1870 li·

116 1905 196 1971 bera
214 1903 380 1992 republica
409 1903 545 1992 alicujus
572 1907 652 1972 civis
679 1905 929 1972 dominationem
960 1905 1143 1993 significare

117 2007 200 2072 soliti
219 2015 302 2078 sunt.
354 2005 428 2088 Quo
457 2017 563 2072 autem
591 2017 735 2096 tempore
764 2018 879 2096 coepta
907 2011 948 2075 sit
971 2007 1053 2075 haec
1073 2031 1140 2077 vox

116 2112 264 2197 usurpari
286 2131 304 2174 e
327 2108 509 2196 Sophocleo
533 2113 706 2199 interprete
727 2113 761 2177 in
783 2111 916 2198 Argum.
962 2111 1043 2179 Oed.
1062 2111 1140 2200 Tyr.

117 2213 359 2298 cognoscimus,
389 2214 479 2300 cujus
504 2213 605 2280 verba
634 2222 707 2279 sunt
736 2205 828 2302 „dtpe'
855 2235 938 2280 ποτε
963 2215 1061 2283 τοῦδε
1080 2218 1140 2282 τοῦ

118 2310 279 2398 ὀνόματος
303 2314 349 2388 εἷς
369 2313 444 2388 τοὺς
459 2307 611 2404 Ἕλληνας
634 2319 855 2400 διαδοθέντος,
876 2309 956 2384 κατὰ
976 2315 1049 2394 τοὺς
1067 2312 1140 2405 Ἀρ-

116 2416 249 2498 χιλόχου
269 2416 414 2503 χρόνους.
467 2419 594 2499 Quodsi
616 2421 772 2485 accuratis
794 2419 859 2485 illis
879 2417 1019 2485 Liebelii
1042 2421 1142 2510 (frag-

118 2531 226 2587 menta
246 2517 507 2610 Archil.p.5sq.)
522 2523 699 2588 rationibus
714 2521 811 2588 fidem
827 2521 1010 2608 tribuimus,
1028 2533 1141 2590 natum

116 2622 254 2689 Romulo
283 2633 439 2710 regnante
469 2624 555 2690 hunc
581 2633 710 2712 poetam
731 2625 863 2689 Parium
895 2625 1013 2692 abiisse
1035 2629 1143 2694 evita

118 2727 203 2792 circa
225 2725 357 2814 Olymp.
381 2727 507 2793 XXIX.
537 2731 722 2810 statuentis,
756 2748 865 2792 eorum
895 2720 1066 2816 sexaginta
1087 2753 1142 2796 an·

116 2851 232 2895 norum
264 2831 366 2916 spatio
400 2832 519 2895 nomen
555 2829 636 2895 illud
668 2830 814 2895 usitatius
845 2829 965 2895 factum
1000 2839 1057 2899 est.
1108 2832 1142 2897 Is

117 2931 214 3018 igitur
234 2932 379 3019 aequalis
401 2933 462 2999 fuit
476 2933 578 3020 Gygis
596 2933 764 3020 Lydorum
786 2933 873 3020 regis
895 2941 926 2998 et
941 2932 1142 3018 Orthagorae

116 3033 274 3122 Sicyonii,
297 3037 352 3123 qui
367 3036 510 3101 omnium
532 3045 741 3122 tyrannorum
757 3037 880 3122 primus
896 3036 995 3129 fuisse
1013 3035 1143 3105 dicitur.

200 3137 273 3204 Jam
303 3127 378 3226 post
399 3137 628 3204 Archilochum
657 3137 799 3204 crebrius
828 3138 959 3226 quidem
989 3137 1047 3204 illa
1076 3161 1142 3206 vox

114 3243 288 3326 invenitur,
312 3240 401 3308 velut
424 3241 512 3329 apud
535 3240 701 3325 Alcaeum,
724 3241 920 3323 Pindarum,
942 3240 1143 3329 Aeschylum

115 3343 321 3433 Sophoclem,
340 3344 547 3432 Euripidem,
568 3343 787 3428 Herodotum,
809 3343 1051 3432 Thucydidem:
1081 3345 1144 3410 hoc

113 3459 224 3515 tamen
256 3458 351 3535 pacto
384 3457 421 3513 ut
453 3457 581 3535 praeter
612 3446 704 3512 illam
738 3445 947 3513 dominatoris
978 3448 1143 3513 notionem

115 3547 242 3616 nullam
274 3549 371 3616 aliam
394 3551 554 3617 vocabulo
583 3551 714 3638 tyranni
737 3549 915 3638 subjectam
939 3571 1012 3615 esse
1034 3549 1142 3616 obser·

114 3676 192 3725 vare
210 3655 388 3744 possimus,
423 3677 506 3742 quae
534 3675 586 3718 res
614 3653 916 3740 inde‘potissimum
938 3654 1144 3738 cognoscitur

115 3756 205 3847 quod
228 3755 389 3824 Herodoti
410 3758 569 3845 imprimis
590 3764 695 3823 aetate
717 3758 850 3821 nomina
869 3756 1033 3843 τύραννος,
1054 3761 1144 3840 βασι·

113 3858 197 3938 ictio
234 3856 398 3950 μόναρχος
433 3861 617 3948 promiscue
653 3867 807 3947 usurpata
837 3858 931 3926 nobis
965 3867 1145 3928 occurrunt.

114 3964 200 4032 Nam
222 3973 259 4032 ut
277 3964 430 4053 exempla
452 3961 611 4032 nonnulla
632 3963 778 4048 afferam,
800 3961 875 4028 libri
897 3963 1017 4100 Lacap‘
1042 3957 1073 4046 6,
1092 3957 1144 4031 26.

639 4067 645 4076 “
909 4069 925 4118 1
