2920 5046
804 446 849 519 22

319 643 390 710 illos
411 642 562 710 Isocratis
583 641 757 730 discipulos
788 642 900 710 eadem
926 641 1027 708 verba
1045 641 1247 728 figurasque,
1274 640 1344 728 qui-

316 748 379 812 bus
400 745 454 810 hic
477 747 511 810 in
525 745 741 833 Panegyrico,
772 747 1017 832 Areopagitico,
1050 743 1124 810 aliis
1146 743 1344 810 orationihus

256 846 260 854 ’
316 869 396 916 ‘usus
419 857 517 932 esset,
540 849 727 936 saepissime
747 849 955 916 adhibuisse?
990 847 1150 936 Exempla
1171 848 1268 934 igitur
1288 847 1344 912 ha·

318 975 391 1020 rum
412 953 642 1018 sententiarum
668 962 704 1018 ut
725 951 885 1018 nonnulle
908 953 1041 1018 afferam
1060 973 1102 1015 ex
1126 950 1240 1016 eodem
1260 950 1344 1016 libro

319 1055 508 1138 undecimo,
551 1054 586 1118 in
621 1077 684 1142 quo
721 1055 856 1124 Gelonis
896 1055 1029 1121 historia
1065 1062 1229 1134 narratur,
1269 1076 1345 1118 con·

320 1160 461 1225 seramus
482 1157 540 1222 illa
560 1163 635 1241 XL,
658 1156 697 1242 l,
718 1155 747 1240 8,
770 1155 821 1242 10,
845 1159 904 1244 113
932 1180 994 1246 quo
1016 1165 1177 1244 postremo
1201 1156 1273 1222 loco
1290 1156 1346 1222 καὶ

320 1261 437 1346 μᾶλλον
466 1261 591 1330 εἵλαντο
616 1263 768 1330 τελευτᾶν
788 1264 905 1345 καλῶς,
924 1255 1017 1350 ἢζῆν
1048 1259 1183 1345 αἰσχρῶς
1208 1258 1274 1325 fere
1301 1259 1346 1324 ad

306 1363 447 1430 'literam
469 1387 541 1430 cum
561 1370 660 1435 Isocr.
681 1367 802 1452 Paneg.
827 1361 870 1433 95
897 1359 1009 1450 ὥσπερ
1035 1363 1099 1430 τῶν
1124 1358 1248 1449 ἀνδρῶν
1273 1371 1345 1438 ταῖς

320 1468 425 1540 καλοῖς
453 1460 604 1550 κάγαθοῖς
633 1465 845 1556 αἱρετώτερόν
871 1465 941 1534 ἐστι
969 1467 1069 1540 καλῶς
1095 1462 1291 1550 ἀποθανεῖν,
1325 1459 1347 1554 ἢ

321 1569 380 1660 ζῆν
401 1569 538 1657 αἰσχρῶς
559 1581 751 1658 congruunt.
1187 1631 1191 1638 ,
1223 1625 1227 1632 .

386 1672 481 1754 Quod
513 1672 638 1738 deinde
662 1674 705 1739 ad
737 1675 905 1740 Timaeum
936 1675 1199 1742 Tauromenitam
1231 1674 1348 1738 attinet

321 1775 418 1856 (cont.
446 1773 590 1840 Mueller.
611 1774 633 1844 f.
656 1775 687 1842 h.
718 1799 766 1863 gr.
790 1783 816 1842 l.
838 1801 870 1863 p.
892 1776 1005 1842 XLIX
1048 1800 1096 1864 sq.
1126 1785 1157 1843 ct
1178 1775 1348 1842 Niebuhrii

321 1877 422 1948 schol.
446 1877 519 1946 hist.
547 1881 610 1943 ant.
630 1878 696 1962 .11.,
719 1873 797 1964 113)
828 1877 958 1945 Siciliae
987 1879 1154 1946 historiam
1188 1877 1265 1943 inde
1304 1877 1347 1943 ab

321 1981 549 2068 antiquissimis
570 1981 768 2069 temporibus
790 2004 892 2070 usque
920 1982 963 2048 ad
981 1986 1119 2070 primum
1142 1981 1265 2048 bellum
1284 1981 1348 2045 Pu-

213 2167 214 2172 *
321 2085 428 2148 nicum
447 2081 595 2167 deduxit,
621 2085 677 2151 uhi
698 2084 855 2172 Polybius
886 2087 1186 2152 commentariorum
1215 2106 1347 2150 suorum

323 2185 491 2252 exordium
512 2187 629 2273 posuit.
681 2187 793 2274 Magni
814 2196 921 2254 autem
944 2189 1013 2276 ejus
1036 2191 1141 2277 operis
1164 2187 1347 2275 complures

323 2297 354 2354 et
390 2287 536 2354 diversae
566 2297 673 2376 partes
701 2290 845 2372 fuerunt3
880 2289 945 2356 alia
972 2291 1013 2357 de
1045 2293 1181 2358 historia
1210 2291 1346 2372 Graeca,

322 2391 386 2458 alia
406 2391 447 2456 de
463 2390 595 2476 Sicilia5
617 2394 760 2480 sejuncta
779 2393 840 2460 fuit
861 2403 947 2460 certo
971 2395 1036 2460 alia
1059 2394 1100 2460 de
1112 2392 1230 2482 Pyrrhi
1251 2391 1348 2472 bello,

323 2494 388 2559 alia
406 2493 447 2560 de
467 2494 666 2580 Agathocle,
692 2497 725 2560 in
755 2519 852 2584 quem
873 2497 1016 2584 iniquior
1040 2498 1140 2563 fuisse
1164 2519 1184 2561 a
1205 2495 1348 2560 Diodoro

323 2599 393 2684 ipso
412 2593 555 2684 arguitur
576 2598 684 2684 (XXI.
691 2646 700 2681 ,
727 2596 791 2682 17).
843 2599 939 2666 Fides
962 2599 1031 2686 ejus
1062 2609 1157 2688 atque
1179 2597 1349 2664 auctoritas

323 2700 477 2766 historica
500 2701 612 2767 crebro
641 2700 889 2769 maledicentiae
912 2725 1010 2769 causa
1032 2712 1063 2768 et
1090 2701 1252 2768 interdum
1282 2722 1349 2765 non

322 2803 440 2891 injuria
462 2804 618 2870 infamata
640 2814 697 2887 est,
720 2807 816 2870 etiam
837 2807 864 2870 si
885 2805 1059 2893 Polybius,
1083 2807 1257 2872 acerrimus
1279 2805 1350 2892 ejus

231 2970 232 2984 ,
323 2906 537 2988 adversarius,
558 2907 615 2986 lib.
640 2906 734 2990 Xll.,
755 2907 870 2994 fragm.
892 2907 964 2974 Vat.
988 2903 1111 2994 3-15,
1139 2903 1267 2976 23-28
1287 2909 1351 2973 hoc

323 3011 418 3074 nimis
440 3009 578 3075 intendit
599 3017 698 3096 atque
719 3020 820 3096 urget.
866 3010 971 3091 Quam
992 3013 1134 3078 rixosum
1150 3012 1274 3078 Timaei
1295 3034 1351 3076 na·

322 3121 427 3178 turam
452 3113 596 3178 convicia
617 3111 677 3178 illa
701 3113 899 3198 confirmant,
921 3117 1059 3201 quaein
1076 3114 1193 3182 multos
1215 3124 1248 3180 et
1269 3115 1352 3180 intc-

323 3237 398 3300 gros
420 3223 567 3281 auctores
588 3215 770 3302 profundit3
799 3215 959 3306 hujusque
981 3219 1165 3286 acerbitatis
1190 3240 1288 3284 causa
1308 3217 1351 3282 ab

317 3313 406 3382 lstro
429 3317 648 3384 Callimacheo
678 3319 778 3406 (apud
809 3320 926 3386 Athen.
951 3321 1025 3405 Vh,
1052 3315 1127 3402 272)
1150 3318 1353 3405 Ἐπιτίμαιος

323 3421 506 3486 nominatus
546 3429 603 3486 cst.
671 3422 723 3505 (cf.
755 3422 852 3489 Diod.
886 3423 945 3502 V,
982 3423 1001 3489 1
1044 3433 1075 3490 et
1108 3423 1224 3491 Suidas
1257 3447 1281 3493 s.
1316 3447 1349 3488 v.

326 3520 399 3608 ,at
428 3520 466 3589 ab
493 3518 600 3590 πολλὰ
631 3521 827 3613 ἒπιτιμᾶν“).
884 3526 1035 3593 Ceterum
1064 3537 1151 3594 certe¹
1175 3549 1248 3592 eum
1276 3527 1352 3593 doc·

324 3635 392 3690 tum
421 3627 461 3692 ac
495 3625 683 3712 diligentem
719 3628 882 3694 hominem
917 3629 1017 3696 fuisse
1048 3653 1264 3718 magnamque
1293 3654 1351 3696 an·

323 3730 505 3816 tiquitatum
545 3731 670 3817 copiam
714 3730 882 3818 collegisse
922 3735 1036 3820 negari
1074 3743 1191 3822 potest:
1241 3737 1352 3822 ipsum

324 3841 431 3897 autem
465 3841 621 3921 quantum
649 3834 757 3901 valeat
788 3835 921 3901 historia
949 3859 1015 3903 non
1047 3838 1167 3905 vidisse
1196 3859 1214 3902 e
1240 3837 1352 3904 multis

324 3932 443 4001 tabulis
478 3938 701 4023 cognoscimus
729 3947 761 4013 et
786 3940 1052 4026 narratiunculis,
1088 3963 1173 4030 quae
1205 3927 1352 4028 legentes
