2920 5046
634 458 679 532 25

145 646 182 737 ξ.
203 643 233 730 1,
254 645 287 732 4,
308 643 340 733 5,
376 671 450 717 oum
477 651 539 718 hae
560 653 684 742 Ephori
713 653 896 721 narratione
922 656 956 721 in
979 659 1017 724 ea
1043 663 1168 726 tautum

144 772 181 816 re
204 753 371 834 convenit,
395 763 432 819 ut
457 764 591 844 uterque
612 756 750 823 foederis
773 759 953 825 meminerit
967 760 1168 850 ,legatosque

144 852 289 920 Graecos
320 855 478 922 Gelonem
501 857 618 926 adiisse
649 859 751 925 dieat:
782 861 890 928 omnia
918 862 1044 952 reliqua
1074 863 1168 930 aliter

143 954 262 1022 tradita
289 967 376 1039 suut3
410 961 549 1046 primum
571 962 614 1041 X,
642 955 685 1026 32
712 960 793 1028 Gelo
823 961 955 1032 Graecis
987 966 1169 1053 promisisse

144 1055 262 1144 dicitur
284 1060 441 1127 auxilium
470 1062 610 1130 laturum
634 1066 850 1154 exercituique
874 1065 1000 1134 Graeco
1031 1067 1169 1134 frumen·

143 1168 214 1224 tum
235 1164 439 1248 provisurum
461 1187 495 1231 se
516 1187 602 1250 esse,
633 1166 807 1234 dummodo
827 1169 887 1235 sibi
906 1179 992 1237 terra
1015 1169 1069 1237 vel
1088 1173 1170 1237 mari

143 1265 343 1352 principatus
368 1266 446 1334 belli
474 1267 716 1336 concederetur:
750 1273 826 1359 quia
857 1282 1006 1338 neutrum
1037 1275 1067 1338 ei
1097 1296 1170 1341 con·
1285 1317 1290 1326 ι

143 1387 270 1432 cessum
290 1378 382 1448 esset,
403 1369 486 1437 illud
507 1357 603 1438 etiam
623 1373 738 1440 foedus
762 1376 973 1461 compositum
995 1399 1063 1442 non
1087 1399 1168 1444 esse.

143 1469 275 1536 Deinde
292 1477 361 1555 XI,
387 1470 406 1540 1
426 1472 458 1565 ἓ
483 1471 505 1539 4
525 1474 653 1542 Xerxes
683 1498 757 1542 eum
782 1475 1098 1564 Carthaginiensibus
1124 1481 1170 1546 ita

142 1575 335 1640 convenisse
356 1578 537 1660 nunciatur,
560 1586 595 1643 ut
613 1580 682 1667 ipse
703 1581 737 1644 in
760 1579 915 1646 Graeciae
937 1580 1059 1648 incolas
1081 1584 1170 1648 inva-

144 1673 244 1754 deret,
264 1675 312 1742 illi
327 1687 434 1744 autem
449 1682 574 1766 magnis
590 1681 703 1748 eodem
717 1691 863 1770 tempore
879 1682 980 1770 copiis
995 1685 1167 1750 contractis

143 1775 295 1862 Graecos,
318 1783 373 1869 qui
392 1781 535 1848 Siciliam
558 1793 590 1850 et
612 1783 736 1850 Italiam
760 1793 920 1868 tenerent,
952 1784 1038 1850 bello
1064 1788 1169 1875 oppri-

141 1890 276 1948 merent.
331 1884 415 1949 Tum
434 1890 491 1953 XI.
498 1933 507 1967 ,
534 1881 628 1970 21,1
657 1886 738 1953 Gelo
764 1887 805 1953 ab
833 1887 975 1954 Hierone
1005 1887 1104 1954 fratre
1135 1891 1170 1956 in

142 1983 301 2050 auxilium
332 1995 465 2053 vocatur
498 1990 553 2078 qui
586 1992 730 2078 protinus
760 1989 927 2077 Syracusis
963 2013 1030 2059 non
1062 1993 1169 2057 minus

141 2088 377 2174 quinquaginta
406 2091 495 2157 milia
524 2093 668 2180 peditum
699 2102 730 2158 et
759 2095 901 2182 equitum
922 2093 995 2180 plus
1025 2095 1170 2182 quinque

141 2188 235 2253 milia
257 2190 380 2258 educit:
402 2196 533 2260 navium
556 2195 720 2262 Diodorus
742 2197 872 2263 omnino
894 2219 959 2262 non
979 2197 1134 2266 meminit.

210 2289 383 2372 Quaeritur
413 2299 510 2382 igitur
533 2322 596 2388 quo
618 2299 713 2366 modo
743 2301 824 2365 haec
847 2298 1077 2365 sententiarum
1107 2299 1170 2366 dis-

140 2397 310 2480 crepantia
350 2399 437 2486 apud
478 2400 658 2468 Diodorum
701 2402 808 2469 evolvi
842 2400 965 2490 possit?
998 2410 1033 2467 ut
1070 2424 1170 2490 quum

141 2498 310 2586 Ephorum
335 2523 392 2568 suo
413 2504 514 2590 ipsius
537 2503 667 2571 arbitrio
690 2507 880 2588 correxerit,
908 2513 975 2570 tum
1004 2526 1046 2570 ex
1067 2505 1169 2571 Hero·

142 2600 221 2668 doto
243 2604 401 2686 hauserit,
430 2608 484 2694 qui
514 2608 609 2695 hujus
634 2606 712 2672 belli
745 2606 853 2673 modo
869 2608 916 2672 rei
944 2607 1077 2673 minoris
1102 2630 1170 2672 mo·

140 2707 243 2770 menti
263 2707 463 2797 foederisque
489 2733 649 2799 nusquam
669 2711 830 2792 meminit,
866 2711 936 2775 fieri
962 2730 1028 2775 non
1056 2715 1171 2797 potest.

139 2807 314 2876 Probabile
328 2833 404 2898 ergo
428 2821 476 2878 est
489 2813 670 2879 Diodorum
684 2812 770 2876 hanc
783 2813 970 2878 memoriam
990 2834 1031 2877 ex
1055 2812 1169 2878 eodem

139 2909 234 2976 fonte
255 2913 415 2998 hausisse,
445 2937 510 3004 quo
540 2916 635 2982 etiam
656 2917 690 2980 in
712 2915 784 2980 aliis
807 2915 938 2982 Gelonis
966 2913 1061 2980 rebus
1091 2937 1170 2982 usus

140 3016 194 3081 sit
240 3015 343 3096 Quem
368 3016 495 3084 nullum
511 3018 610 3085 alium
631 3017 731 3084 fuisse
752 3019 815 3084 nisi
832 3018 1002 3084 Timaeum
1024 3021 1171 3106 sequenti

138 3116 334 3186 videbimus.

207 3221 297 3286 Idem
318 3233 484 3310 praeterea
506 3224 742 3290 demonstratur
764 3225 889 3290 Timaei
909 3222 1014 3310 frgmt.
1040 3219 1082 3291 87
1106 3231 1170 3312 (ap.

141 3322 260 3412 Polyb,
289 3331 382 3409 XII,
410 3323 494 3408 tob)
529 3326 584 3392 ubi
617 3325 701 3392 Gelo
740 3327 931 3406 auxiliarem
967 3349 1001 3392 se
1036 3326 1170 3394 Graecis

142 3427 319 3494 affuturum
338 3431 528 3516 ¹promisisse
557 3429 675 3495 dicitur
711 3451 784 3496 oum
811 3431 936 3516 viginta
962 3429 1094 3496 milibus
1116 3453 1171 3518 pe·

142 3529 248 3596 ditum
276 3532 481 3621 navibusque
511 3533 674 3615 ducentis,
708 3532 882 3618 dummodo
918 3532 978 3598 sibi
1004 3541 1090 3598 terra
1117 3534 1171 3600 vel

143 3633 227 3698 mari
252 3636 466 3723 principatum
494 3635 716 3705 concederent.
732 3657 735 3664 ’
750 3725 751 3729 ¹
768 3634 965 3701 Graecorum
995 3643 1103 3700 autem
1125 3658 1171 3701 se·

142 3744 257 3802 natum
278 3737 425 3804 Corinthi
441 3741 591 3827 jussisse,
626 3748 662 3804 ut
682 3739 766 3807 Gelo
789 3738 938 3805 omnibus
966 3759 1040 3802 cum
1070 3739 1170 3825 copiis

142 3839 316 3906 auxiliator
355 3842 538 3921 adveniret,
586 3865 712 3908 summa
751 3864 827 3908 vero
877 3841 1003 3930 imperii
1041 3848 1078 3905 ut
1128 3841 1171 3906 ad

141 3945 442 4044 praestantissimos„
452 3945 656 4034 optimosque
679 3946 766 4012 viros
790 3943 977 4028 deferretur,
1000 3965 1063 4032 quo
1084 3941 1169 4024 dioto
