2920 5046
810 435 851 508 18

321 629 398 694 dum
441 635 500 695 est.
571 625 669 718 Quod
713 627 937 713 grauissimam
974 647 1042 690 rem
1083 625 1368 712 praetermiserit,

320 733 471 797 nimirum
500 728 581 796 illud
618 727 731 796 foedus
767 731 937 796 Persarum
961 737 992 794 et
1022 727 1349 814 Carthaginiensium,

319 831 350 900 ei
385 836 543 901 immerito
577 833 700 898 crimini
724 831 835 900 datum
871 855 959 915 esse,
996 830 1080 898 inira
1113 832 1189 896 item
1215 831 1350 897 domon-

319 936 502 1004 strabimus.

382 1349 599 1416 Transeamus
626 1349 669 1414 ad
690 1343 825 1415 alteram
846 1349 941 1436 hujus
969 1348 1248 1414 commentationis
1270 1370 1347 1434 par-

318 1463 400 1536 tem,
437 1475 502 1540 qua
530 1454 752 1519 auctoritatem
780 1451 950 1539 fontesque
971 1451 1109 1516 Diodori
1133 1450 1251 1532 Siculi,
1286 1451 1348 1540 qui

318 1555 452 1622 Gelonis
484 1556 649 1622 historiam
682 1555 736 1625 lib.
759 1555 802 1620 Χ.
833 1555 940 1640 frgmt.
962 1550 1021 1638 28,
1049 1549 1101 1623 30.
1135 1553 1247 1634 (Dind.
1279 1553 1346 1632 ed.)

319 1659 437 1728 lib.XI.
460 1658 566 1746 cap.I.
587 1653 725 1741 20-26,
748 1654 800 1728 38.
822 1652 968 1724 xlv.63
988 1665 1154 1740 memorat,
1179 1657 1347 1722 examina-

317 1761 435 1828 bimus.
490 1761 635 1826 Primum
661 1761 731 1848 jam
764 1761 805 1826 de
835 1762 904 1848 ejus
930 1760 995 1826 fide
1025 1769 1121 1848 atque
1154 1761 1346 1826 auctoritate

318 1863 461 1950 praefari
481 1862 566 1934 licet.

382 1965 519 2032 Diodori
545 1967 648 2054 ipsius
674 1968 788 2034 merita
814 1966 891 2033 vilia
924 1990 981 2033 seu
1005 1968 1109 2055 potius
1135 1964 1226 2032 nulla
1259 1975 1344 2034 sunt.

317 2069 448 2156 Ingenti
472 2070 559 2134 enim
580 2072 759 2154 inscientia,
784 2070 929 2153 levitate,
960 2081 1089 2157 stupore
1118 2069 1175 2134 illa
1195 2091 1273 2134 usus
1296 2077 1346 2134 est

317 2173 467 2256 materia,
511 2195 607 2260 quam
644 2173 816 2262 plurimam
848 2195 889 2237 ex
923 2175 1122 2259 gravissimis
1159 2171 1345 2237 auctoribus

317 2275 433 2345 hausit.
467 2273 561 2340 Ratio
580 2283 698 2361 autem,
719 2299 783 2364 qua
804 2277 947 2362 singulas
968 2276 1119 2342 historiae
1133 2283 1239 2362 partes
1261 2275 1346 2340 inter
1374 2309 1377 2318 ·

318 2399 353 2443 se
385 2378 570 2465 conjunxit,
603 2379 684 2445 haec
702 2389 766 2464 est,
798 2388 834 2445 ut
870 2378 958 2444 aliud
986 2379 1028 2443 ad
1052 2378 1176 2444 literam
1205 2399 1247 2442 ex
1280 2376 1344 2442 alio

316 2481 456 2572 auctore*
474 2490 602 2568 promat
622 2484 686 2548 nisi
709 2504 777 2568 res,
800 2505 881 2570 quas
903 2481 989 2569 apud
1008 2477 1194 2569 scriptorem
1218 2480 1345 2545 invenit

316 2583 495 2670 quendam,
526 2584 561 2649 in
582 2587 746 2673 epitomen
765 2594 868 2671 cogat.
917 2585 1084 2674 Nusquam
1111 2607 1188 2652 vero
1211 2584 1367 2648 demon·-

316 2688 410 2751 strari
432 2695 547 2774 potest,
571 2711 645 2754 eum
666 2688 751 2754 hanc
770 2689 949 2772 materiam,
974 2711 1071 2775 quam
1086 2688 1174 2775 apud
1196 2688 1342 2754 diversos

314 2799 460 2856 auctores
482 2790 570 2877 legit,
593 2791 637 2856 ad
657 2815 759 2858 unum
775 2794 1002 2879 integrumque
1016 2793 1227 2862 contexuisse.
1262 2791 1342 2857 Nar-

313 2901 455 2958 ratarum
484 2895 582 2980 igitur
611 2915 720 2961 rerum
750 2903 862 2960 auctor
890 2897 961 2982 ipse
980 2893 1093 2964 haberi
1112 2897 1243 2984 nequit,
1277 2894 1342 2958 nisi

257 2987 264 2997 ⁸
314 3003 472 3081 quatenus
495 2983 537 3061 de
557 3000 622 3063 suis
643 2999 746 3085 copiis
771 2996 850 3084 quid
870 2998 1076 3086 interposuit,
1099 2999 1186 3087 quod
1208 2997 1339 3086 quidem

312 3119 379 3162 non
402 3121 499 3186 saepe
519 3098 642 3165 factum
664 3099 808 3166 videtur:
832 3103 941 3166 omnia
961 3123 1048 3180 vero,
1072 3125 1155 3190 quae
1176 3111 1340 3188 tamquam

311 3201 384 3266 visu
413 3201 590 3290 audituque
617 3203 748 3288 cognita
782 3203 988 3290 interposuit,
1023 3205 1235 3272 discernenda
1267 3215 1342 3271 sunt

312 3311 461 3368 accurate
496 3303 538 3370 ab
573 3306 637 3384 eis,
688 3329 772 3394 quae
802 3330 843 3374 ex
870 3308 944 3375 aliis
982 3309 1166 3376 auctoribus
1199 3308 1340 3375 tradidit

311 3402 485 3472 Praeterea
507 3409 541 3471 in
564 3408 626 3474 hoc
646 3417 771 3476 tantum
793 3411 836 3476 ad
858 3413 960 3498 ipsius
982 3411 1148 3478 arbitrium
1167 3415 1270 3499 egisse
1293 3415 1340 3478 vi-

278 3525 284 3529 ·
312 3505 415 3591 detur,
438 3518 474 3575 ut
487 3509 572 3577 hanc
585 3513 762 3594 materiam,
783 3537 878 3602 quam
892 3539 957 3580 non
981 3537 1022 3582 ex
1038 3516 1207 3582 annalibus
1222 3515 1339 3598 hausit,

311 3610 345 3674 in
375 3632 478 3679 annos
508 3613 714 3703 discerpserit
745 3619 874 3704 suisque
898 3619 992 3684 annis
1022 3621 1208 3702 inseruerit,
1242 3641 1340 3706 saepe

313 3712 444 3798 quidem
467 3714 583 3784 leviter
603 3742 642 3785 ac
664 3741 845 3808 perperam.

377 3815 498 3887 Omnia
523 3821 586 3900 sic,
619 3844 703 3910 quae
731 3822 894 3890 Diodorus
926 3823 967 3892 de
997 3827 1179 3916 antiquiore
1208 3827 1340 3894 historia

309 3916 458 3989 Romana
487 3922 637 4010 tradidit,
672 3935 707 3993 ut
736 3927 806 4013 jam
835 3927 1029 3997 Niebuhrius
1064 3931 1158 4013 (Hist.
1187 3931 1279 4019 Rom.
1300 3937 1340 4018 J,
