2920 5046
728 409 772 486 44

237 603 338 688 'l'rogi
358 624 456 690 opere
484 601 571 667 idem
598 601 718 668 dictum
742 625 811 668 esse
840 603 1026 688 opinamur,
1065 599 1153 688 quod
1174 600 1264 687 apud

238 704 393 772 Herodot
415 703 503 784 vn,
524 700 588 770 158
620 699 679 790 tre
705 706 760 787 μοὶ
787 700 873 788 πρὸς
891 706 1131 791 Καρχηδονίους
1158 710 1264 775 νεῖκος

239 813 386 893 σννῑῃιτο
408 803 663 892 ἔπισκίμετοντός
684 828 722 872 re
740 802 798 871 τὸν
818 809 960 890 daptbus
981 827 1048 892 sq.;
1072 805 1159 891 apud
1181 805 1263 869 Tro·

238 931 316 993 gum
337 908 474 974 fortasse
500 909 655 995 scriptum
675 907 776 974 firisse
802 907 881 970 mihi
902 906 1030 972 videtur
1057 906 1192 994 „Itaque
1212 907 1264 972 Si-

239 1009 329 1076 ciliae
357 1005 472 1096 populi
501 1019 632 1096 propter
660 1008 808 1074 assiduas
838 1007 1150 1092 Carthaginiensium
1180 1009 1264 1096 inju-

238 1112 303 1176 rias
323 1111 367 1177 ad
386 1111 575 1195 Leonidam,
595 1112 727 1176 fratrem
747 1111 876 1192 Dorici,
898 1132 1009 1196 regem
1021 1111 1263 1196 Spartanorum,

240 1211 490 1295 concurrebant,
513 1223 677 1300 petentes,
699 1222 735 1279 ut
755 1213 817 1278 sibi
841 1235 936 1299 opem
959 1212 1059 1278 ferret
1081 1218 1126 1291 (et
1147 1213 1263 1278 Doriei

240 1316 372 1380 caedem
401 1304 635 1411 ulcisceretur).
688 1316 793 1396 Quam
825 1313 1022 1380 auxiliorum
1057 1314 1264 1381 ferendorum

239 1419 427 1504 petitionem
450 1419 535 1483 circa
555 1419 591 1482 in
612 1440 715 1482 annos
729 1413 901 1484 489-485
923 1417 1078 1482 cecidisse
1100 1439 1182 1503 opus
1203 1425 1263 1482 est.

238 1520 402 1585 Leonidas
423 1523 509 1585 enim
527 1519 701 1587 Cleomene
722 1530 848 1586 mortuo
869 1541 954 1584 anno
971 1512 1071 1596 491Ιο
1092 1541 1151 1584 rex
1165 1518 1264 1605 Spar·

240 1629 292 1687 tae
311 1621 416 1688 factus
439 1630 498 1688 est.
541 1622 633 1688 Haec
653 1623 819 1688 hacteuus.

188 2116 194 2130 ’
300 2134 372 2200 Hac
398 2135 470 2220 jam
504 2134 651 2222 sequenti
686 2142 778 2220 parte
810 2134 851 2199 de
879 2135 1036 2222 Pylyaeni
1069 2133 1133 2198 fide
1165 2142 1265 2220 atque
1281 2182 1298 2198 .-

242 2237 429 2302 auctoritate
462 2236 642 2323 disceptare
674 2239 908 2324 memoriasque
941 2239 1009 2323 ejus
1044 2237 1265 2323 discrepantes

159 2415 163 2423 Ι
240 2360 418 2404 memorare
438 2339 605 2415 volumus,
639 2359 741 2424 quum
762 2339 834 2422 ficri
853 2361 919 2404 non
938 2341 1056 2425 possit,
1089 2347 1125 2403 ut
1147 2339 1265 2427 quibus

241 2462 283 2507 ex
303 2439 444 2507 fontibus
466 2443 494 2506 is
516 2440 657 2506 hauserit
679 2463 762 2527 quae
783 2426 833 2505 de
845 2440 971 2506 Gelone
991 2451 1110 2524 namet,
1133 2441 1265 2506 definia-

241 2565 322 2610 mus.
367 2543 422 2630 (de
449 2541 608 2630 Polyaeni
635 2542 778 2609 fontibus
807 2542 882 2609 vide
900 2542 1078 2610 Woelfflini
1107 2543 1182 2613 edit.
1205 2543 1266 2608 Po-

242 2643 350 2732 lyacn.
368 2645 470 2732 praef.
494 2669 528 2732 p.
549 2644 623 2732 XI.)

304 2748 380 2814 Fuit
420 2748 508 2813 euim
548 2747 733 2835 Polyaenus
773 2747 881 2813 rhetor
923 2749 1122 2834 temporibus
1164 2747 1266 2816 Marci

240 2848 365 2916 Aurelii
389 2858 422 2922 et
441 2849 649 2928 Lucii'Veri,
671 2850 788 2938 quibus
809 2849 1054 2936 imperatoribus
1073 2873 1133 2916 sua
1154 2859 1267 2916 strate·

240 2960 370 3036 gemata
401 2950 499 3038 paulo
532 2961 607 3019 anto
639 2953 882 3040 expeditionem
916 2974 1027 3017 corum
1059 2955 1094 3018 in
1128 2953 1265 3020 Parthos

240 3052 358 3120 factam
382 3053 550 3124 dedicavit.
607 3054 745 3139 Collegit
774 3064 879 3120 autem
902 3075 957 3138 ea,
989 3062 1025 3120 ut
1045 3057 1117 3143 ipse
1138 3057 1173 3120 in
1192 3077 1266 3142 pro·

241 3157 344 3235 oemio
365 3154 442 3222 libri
472 3156 604 3222 secundi
631 3157 816 3239 confitetur,
851 3178 894 3221 ex
923 3159 1020 3223 variis
1049 3159 1267 3246 scriptoribus,

241 3277 378 3344 quorum
399 3257 508 3324 verbis
529 3260 608 3346 ipsis
629 3258 830 3346 plerumque,
850 3258 885 3322 id
907 3259 995 3348 quod
1019 3283 1061 3326 ex
1073 3259 1267 3348 quibusdam

240 3357 345 3424 elucet
373 3359 551 3445 excomplis
579 3382 655 3426 usus
689 3382 760 3425 esse
787 3361 926 3428 videtur.
970 3362 1054 3432 conf.
1077 3361 1268 3428 Woelffiini.

241 3458 292 3529 ed.
313 3461 412 3547 praef.
434 3482 468 3547 p.
488 3461 551 3527 IX.
594 3461 676 3529 Octo
696 3465 781 3528 enim
800 3463 890 3529 libris
912 3465 1020 3530 omnia
1040 3473 1267 3551 strategemata

240 3560 420 3650 Polyaenus
443 3563 630 3652 complexus
654 3574 736 3648 erat3
772 3588 908 3652 quorum
936 3568 1059 3653 priores
1089 3589 1148 3632 sex
1170 3565 1268 3632 Grac·

241 3685 361 3743 corum,
382 3667 538 3753 septimus
561 3667 773 3734 barbarorum
796 3667 831 3754 (i.
856 3690 884 3734 e.
906 3669 1092 3753 Persarum,
1116 3669 1267 3736 aliarum·

241 3787 304 3853 que
322 3768 473 3854 gentium
502 3791 586 3858 quae
607 3769 719 3837 Asiam
741 3765 958 3865 incolebant),
994 3780 1125 3842 octavus
1149 3772 1265 3838 Roma·

241 3889 357 3952 norum
378 3880 410 3940 et
438 3870 609 3940 mulierum
639 3870 811 3942 illustrium
843 3881 1068 3965 strategemata
1090 3875 1263 3960 continent,
