2920 5046
634 507 655 576 o

125 685 306 759 vicinorum
320 691 488 780 Lydorum
508 694 561 760 vel
576 695 742 784 Phrygum
765 698 880 784 lingua
893 700 1027 786 petitum
1052 724 1157 791 eoque

127 794 282 878 Graecos,
307 796 361 884 qui
383 795 495 862 Asiam
518 798 681 882 incolunt,
704 801 825 888 primos
848 799 958 868 censet
978 824 1053 868 usos
1076 826 1158 870 esse·

190 897 263 963 Jam
291 920 368 963 vero
391 901 549 982 rationes,
580 901 695 990 quibus
724 905 868 991 tyrannis
892 915 1075 990 comparata
1097 917 1154 973 eso

126 1003 234 1067 variae
257 1008 341 1072 sunt.
384 1000 513 1070 Aristot.
529 1003 599 1068 Pol.
615 1003 654 1074 V.
678 1001 708 1088 8,
728 1002 749 1072 3
771 1007 818 1070 ait
838 1006 1071 1094 antiquissimis
1093 1009 1157 1078 illis

125 1102 326 1191 temporibus
365 1125 601 1193 nonnunquam
629 1107 722 1176 illum
750 1110 888 1192 θεωρῶν
920 1111 1154 1198 magistratum,

126 1209 183 1296 qui
213 1214 342 1294 praeter
365 1227 474 1271 curam
496 1230 603 1274 rerum
628 1209 808 1276 divinarum
839 1232 1071 1298 saepenumero
1094 1219 1155 1284 rei·

124 1308 274 1398 publicae
297 1308 481 1375 muneribus
504 1311 623 1377 diutius
644 1311 881 1398 fungebantur,
912 1317 1021 1384 multis
1043 1329 1154 1407 tyran·

124 1411 211 1477 nidis
233 1411 444 1499 aucupandee
465 1413 566 1479 fuisse
589 1416 693 1499 viam;
714 1416 759 1479 ita
781 1413 974 1504 Mantineae,
996 1425 1151 1510 Aeginae,

123 1513 283 1602 Naupacti
305 1516 338 1580 hi
361 1517 563 1601 magistratus
587 1513 751 1599 ἐπώνυμοι
772 1517 920 1582 dicuntur
942 1527 1052 1616 (corp,
1065 1527 1153 1598 lnge,

125 1615 241 1683 Graec.
265 1617 301 1698 I.,
325 1612 417 1698 1758,
440 1617 482 1686 ΙΙ.
503 1614 612 1700 2351)

188 1703 316 1768 Deinde
347 1702 446 1768 schol.
468 1703 566 1791 soph.
596 1706 631 1770 in
658 1705 790 1793 Argum.
822 1703 904 1772 Oed.
922 1703 1015 1792 Tyn:
1055 1697 1095 1784 „6
1115 1699 1152 1766 et

122 1802 340 1892 Ἀριστοτέλης
368 1802 403 1870 ἐν
426 1811 582 1888 Κυμαίων
603 1809 749 1896 πολιτεία
776 1803 849 1882 τούς
871 1805 1051 1893 τυράννους
1072 1805 1154 1892 φησὶ
1205 1818 1208 1824 ’

122 1906 159 1976 τό
189 1907 352 1992 πρότερον
377 1906 569 1993 αἰσυμνήτας
599 1909 928 1997 προσαγορεύεσθαί.
981 1908 1022 1974 cf.
1054 1908 1151 1973 Arist.

122 2011 191 2078 Pol.
207 2011 272 2110 ³111.
296 2008 350 2093 14,
379 2007 437 2092 15,
470 2010 526 2077 IV.
553 2009 605 2084 10.
653 2013 797 2079 Plassius
826 2011 955 2101 quidem
988 2005 1148 2104 (tyrannis

124 2119 319 2183 Graecorum
348 2112 388 2193 I.·,
419 2110 493 2196 147)
517 2116 576 2180 ait:
616 2113 813 2198 „Jedenfalls
851 2114 954 2181 bleibt
984 2113 1064 2179 aber
1099 2112 1151 2178 die

122 2217 331 2306 Aesymnetie
365 2218 435 2281 eine
468 2217 698 2302 Einrichtung‚
734 2217 853 2283 welche
887 2217 963 2282 sehr
995 2216 1047 2281 die
1074 2215 1151 2280 Ent

122 2320 261 2404 etehung
291 2318 349 2384 der
370 2319 531 2404 Tyrannio
556 2320 693 2386 hindern
716 2320 881 2404 konnte;“'
905 2321 1024 2386 rectius
1042 2329 1150 2385 autem

120 2421 200 2488 mihi
218 2422 382 2512 judicasse
404 2423 535 2488 videtur
556 2423 712 2505 Ebertus,
739 2423 796 2511 qui
817 2443 891 2510 pag.
915 2417 958 2489 23
966 2471 974 2507 ,
1006 2432 1062 2508 „ut
1086 2423 1151 2488 dic·

119 2533 234 2609 tatura‚
253 2527 371 2613 inquit,
394 2527 482 2613 apud
497 2525 670 2604 Romanos,
694 2529 739 2591 ita
760 2527 843 2590 inter
861 2526 1005 2592 Graecos
1028 2547 1151 2614 aesym·

118 2630 206 2694 notia
232 2627 314 2694 nihil
335 2628 492 2714 dignitate
515 2629 605 2714 regia
626 2628 757 2693 inferior
777 2638 862 2711 erat,
885 2629 972 2717 quod
998 2628 1084 2695 clare
1107 2652 1149 2696 ex

118 2715 514 2819 Aristotele'perspieitur.
566 2731 673 2796 Verus
702 2731 763 2794 fuit
785 2741 972 2817 aesymneta
994 2731 1148 2816 Pittacus,

120 2835 176 2922 qui
197 2831 347 2921 perfectis
368 2834 410 2898 ad
433 2857 516 2922 quae
531 2843 656 2902 creatus
674 2843 751 2914 erat,
774 2855 907 2897 munere
929 2855 963 2898 se
984 2833 1148 2900 abdicarit

118 2936 296 3003 secundum
319 2936 423 3002 srrab.
447 2937 541 3003 XtII.
555 2933 585 3018 2,
610 2934 681 3004 617.
737 2934 858 3000 Verum
880 2937 952 3022 quis
974 2935 1149 3002 contendat

118 3039 237 3106 multos
258 3039 358 3106 fuisse
377 3040 491 3104 Pittaci
513 3040 631 3106 similes
652 3048 869 3128 aesymnetas,
904 3041 958 3127 qui
980 3037 1068 3127 quod
1091 3038 1149 3105 ha·

117 3141 232 3209 berent
251 3165 272 3208 a
293 3145 423 3208 civitate
443 3143 587 3209 delatum
606 3142 758 3228 religiose
772 3140 974 3208 reddendum
997 3164 1067 3207 esse
1089 3164 1149 3230 pu·

116 3244 246 3312 tarent?
279 3245 358 3335 quid
390 3245 508 3330 obstat,
543 3268 586 3312 ne
620 3245 736 3310 multos
770 3243 901 3310 volente
930 3245 984 3310 hic
1015 3244 1147 3333 populo,

117 3347 186 3418 illic
222 3349 323 3414 invito
357 3347 499 3414 adiectos
521 3347 713 3414 arbitremur
741 3347 841 3412 fuisse
862 3339 912 3412 ‘ad
943 3347 1144 3431 tentandum,

118 3454 175 3540 qui
200 3451 287 3540 quod
310 3454 526 3539 accepissent,
554 3452 729 3516 retinerent
750 3460 847 3539 atque
868 3449 1062 3516 firmarent.“
1107 3451 1148 3518 ci.

117 3554 257 3643 Dionys.
286 3553 361 3620 Hal.
398 3554 436 3618 Α.
461 3555 500 3619 R.
529 3553 569 3620 V.
590 3550 642 3621 37.
700 3551 737 3623 O.
762 3554 798 3618 F.
829 3554 1009 3619 Hermanni
1044 3555 1144 3642 antiq.

117 3656 273 3824 pabiiielrii
292 3652 427 3828 6A3ristot.
450 3760 522 3826 Pol.
545 3760 597 3844 V,
618 3754 640 3826 5
662 3757 802 3844 ἐγίνοντο
826 3757 862 3826 δὲ
884 3761 1076 3848 τνραινίλες,
1100 3760 1148 3824 in·

119 3865 198 3950 quit,
222 3854 332 3949 ὥσπερ
354 3860 388 3930 ἐν
408 3864 545 3952 Μιλήτῳ
569 3861 905 3952 irrecuperandae

180 3965 377 4053 Plerumque
406 3975 514 4033 autem
543 3968 689 4056 tyrannis
713 3968 748 4032 vi
777 3974 833 4034 aut
862 3967 938 4036 dolo
960 3972 1053 4055 parta
1080 3975 1167 4034 estc.
