2920 5046
557 384 678 508 'a

150 629 256 696 miora
287 628 407 718 oppida
437 627 565 716 fierent,
599 631 681 700 Gelo
718 631 870 698 continuo
909 631 1077 732 cqnsilium
1109 633 1182 701 iniit

150 731 327 799 nonnullas
354 733 492 819 exiguas
520 735 665 800 civitates
693 736 726 801 in
748 757 845 828 unam
871 734 1091 820 coalescendi;
1120 736 1180 825 Sy-

149 849 281 902 racusas
303 835 402 920 igitur
424 835 537 902 urbem
560 837 630 904 fieri
651 837 862 926 plurimorum
878 839 996 904 civium
1021 846 1053 904 et
1076 837 1179 904 erudi·

149 945 255 1004 torum
286 944 317 1000 et
344 936 495 1022 divitum,
525 941 560 1005 in
591 963 656 1029 qua
684 940 826 1006 rationes
857 941 964 1027 gentis
993 941 1118 1008 ionicae
1149 949 1181 1008 et

149 1039 282 1106 (loricae
304 1051 586 1128 compensarentur
609 1043 691 1110 Gelo
717 1044 876 1129 cogitavit.

172 1193 175 1200 .
215 1140 340 1223 Quodsi
361 1144 394 1208 in
417 1144 549 1211 historia
579 1149 712 1236 antiqua
734 1147 793 1212 vix
814 1147 954 1212 inveniri
975 1167 1071 1234 posse
1093 1148 1180 1234 prin·

149 1248 256 1334 cipem
286 1246 448 1335 quendam
477 1258 604 1336 praeter
633 1249 793 1316 Gelonem
823 1246 1056 1333 deliberamus,
1088 1250 1180 1338 cujus

148 1348 212 1416 sub
233 1369 409 1436 paucorum
432 1373 589 1418 annorum
610 1354 744 1440 imperio
766 1373 817 1418 res
839 1353 921 1418 tanti
936 1353 1090 1417 momenti
1110 1352 1179 1418 uni·

146 1474 263 1520 versae
294 1451 453 1520 Graeciae
486 1455 677 1536 acciderint,
708 1455 796 1521 hunc
828 1462 1001 1542 tyrannum
1036 1455 1180 1521 maxima

149 1553 378 1624 observatione
402 1577 442 1622 ac
455 1561 636 1626 reverentia
653 1559 786 1646 dignum
798 1579 868 1624 esse
881 1556 975 1623 nobis
989 1577 1179 1643 persuasum
1269 1555 1272 1557 ’

142 1669 214 1754 pst3
248 1680 286 1724 eo
313 1659 418 1744 magis
447 1660 516 1747 ejus
546 1662 711 1728 historiam
737 1684 804 1727 non
837 1659 985 1727 omnibus
1014 1661 1048 1725 in
1080 1658 1178 1725 rebus

119 1791 123 1798 ⁴
148 1770 360 1846 constantem,
385 1771 417 1828 et
438 1764 524 1851 apud
538 1765 712 1831 nonnullos
727 1765 922 1852 antiquiores
937 1761 1063 1828 Siculos
1081 1762 1179 1850 scrip·

147 1875 235 1932 tores
264 1867 299 1930 in
327 1866 470 1954 reliquiis
498 1877 622 1935 tantum
643 1867 736 1934 nobis
757 1865 916 1957 proditam
946 1887 1017 1931 esse
1038 1865 1179 1951 graviter

146 1969 290 2048 ferimus.
341 1969 423 2036 Nam
446 1993 642 2061 quamquam
662 1970 808 2036 nonnulli
832 1971 962 2058 tyranni
984 1967 1086 2035 Siculi
1107 1990 1179 2055 pro·

147 2073 236 2159 prios
251 2072 312 2138 sibi
332 2075 525 2140 invenerunt
539 2095 725 2162 praecones,
748 2081 858 2139 tamen
876 2073 988 2138 horum
1003 2070 1179 2158 pleraeque

145 2198 204 2243 res.
218 2175 283 2242 illis
299 2175 460 2264 operibus,
482 2200 565 2266 quae
579 2173 727 2244 Σικελικά
748 2175 1015 2252 inscribebantur,
1037 2174 1178 2240 insertae

146 2288 240 2345 sunt:
264 2280 320 2345 sed
343 2301 400 2346 eae
421 2279 578 2368 plurimae
599 2279 694 2346 hodie
718 2281 891 2368 perierunt.

209 2382 276 2449 Res
299 2391 397 2472 atque
418 2383 583 2449 historiam
597 2383 731 2450 Gelonis
746 2383 983 2469 descripserunt
1005 2401 1046 2445 cx
1069 2401 1178 2468 super-

147 2486 274 2552 stitibus
297 2485 481 2552 auctoribus

228 2589 412 2656 Herodotus
428 2588 488 2670 lib.
510 2588 584 2666 VII,
607 2611 677 2677 cap.
700 2585 879 2659 153-168.

232 2693 396 2760 Diodorus
411 2693 518 2762 Sicul.
542 2691 597 2758 lib.
618 2692 660 2760 X.
683 2693 798 2779 fragm.
821 2688 874 2776 28,
892 2689 944 2760 30.
980 2690 1041 2770 (ed.
1061 2688 1177 2776 Dind.)

248 2781 972 2884 'mmmmmmffi

215 2899 376 2967 'Justinus
395 2899 452 2970 lv.
474 2896 505 2965 2.
548 2899 641 2969 XIX.
665 2897 694 2966 1.

232 3002 415 3092 Polyaenus
438 3011 524 3073 strat.
547 3004 573 3069 I.
596 2998 656 3088 ‘273

146 3114 314 3194 praeterea
341 3107 547 3172 inveniuntur
579 3103 738 3172 nonnulla
772 3104 815 3172 ad
843 3103 978 3172 Gelonis
1008 3102 1175 3168 historiam

147 3211 322 3298 spectantia
342 3232 408 3275 non
431 3211 499 3275 sins
522 3209 588 3276 ullo
610 3217 770 3275 momento
793 3207 956 3274 Plutarch.
975 3208 1030 3277 vit.
1052 3205 1096 3275 M.
1113 3205 1175 3272 Oo-

146 3311 260 3378 riolani
284 3310 317 3402 ᾗ.
339 3308 399 3396 26;
421 3313 555 3400 Dinoys.
572 3312 677 3378 Halic.
701 3311 739 3377 A.
752 3311 790 3380 R.
813 3311 888 3377 VII.
910 3307 939 3392 1,
962 3304 1020 3394 203
1042 3309 1175 3376 Aristot.

145 3414 216 3486 Pol.
240 3415 281 3484 V.
302 3411 335 3481 9.
379 3415 517 3481 Pausan.
539 3415 597 3483 Vl.
620 3409 651 3492 9,
674 3413 705 3480 4.
828 3489 831 3494 ,

210 3519 290 3607 Ejus
312 3518 479 3584 historiam
500 3528 610 3584 nostro
632 3519 762 3586 saeculo
784 3525 1015 3585 enarraverunt

232 3621 407 3688 Arnoldius
430 3621 538 3689 histor.
563 3623 713 3712 Syracus,
734 3645 756 3710 p
790 3615 929 3690 32-47.

232 3723 525 3812 Hardenberghius
552 3725 594 3791 de
623 3725 749 3792 Gelono
778 3723 887 3815 Syrac.
919 3732 1065 3813 tyranno.
1120 3720 1176 3786 Ul·

349 3828 433 3916 trjct.
456 3824 549 3899 1841.
663 3827 680 3900 s

150 4027 158 4074 p
232 3929 375 3998 Plassius
397 3932 558 4021 tyrannid.
583 3923 781 4077 Grphoorum
802 3955 834 4020 po
857 3927 923 3999 280
945 3953 993 4018 sq.
