2920 5046
752 399 754 404 ⁵
821 456 865 528 aa

335 730 343 736 ‚
399 645 547 735 Pu'gnam
569 658 676 714 autem
700 647 922 714 Himerensem
944 657 1106 729 excomm,
1138 670 1220 736 quac
1239 645 1345 712 fabulis

337 751 455 816 referta
477 773 549 816 esse
571 751 665 817 nobis
686 751 824 834 videtur,
846 751 1011 817 Diodonrs
1033 751 1141 816 multis
1163 749 1269 816 verbis
1290 757 1346 814 tra·

336 853 434 936 didit;
459 853 500 920 de
511 852 705 918 Hamilcaris
726 863 828 919 morte
851 853 982 941 quidem
1004 861 1069 918 tres
1090 862 1235 918 auctores
1255 850 1347 916 nostri

335 957 418 1022 inter
436 979 472 1020 se
494 955 697 1020 dissentiunt.
740 955 826 1037 Quia
845 955 1003 1042 Polyaeni
1024 955 1130 1022 fontes
1150 955 1251 1040 ignoti
1271 962 1348 1034 sunt,

334 1057 492 1124 Herodoti
514 1067 546 1122 et
558 1057 693 1123 Diodori
709 1059 884 1123 memoriae
905 1057 1154 1142 praeponendae
1173 1067 1256 1138 sunt,
1278 1077 1347 1143 qua-

334 1183 406 1224 rum
427 1181 466 1224 ea
488 1159 644 1224 Herodoti
672 1159 869 1246 probabilior
892 1171 955 1242 est,
989 1161 1051 1226 nisi
1078 1161 1182 1246 potius
1203 1157 1348 1225 Moversii

334 1262 468 1342 (Phoen.
479 1262 505 1326 I.
528 1255 605 1349 612)
625 1263 803 1327 sententiae
824 1262 922 1328 fidem
943 1262 1125 1340 tribuimus,
1147 1263 1201 1348 qui
1223 1261 1348 1326 nomina

335 1363 477 1428 Amilcar
500 1375 531 1429 et
552 1363 714 1430 Melkarth
737 1366 819 1429 inter
848 1387 883 1428 se
912 1363 1065 1430 conlundi
1087 1365 1263 1446 existimat3
1290 1359 1348 1425 cul·

244 1499 252 1513 =
334 1476 384 1531 tus
406 1466 491 1532 enim
514 1467 608 1553 hujus
630 1465 693 1549 dei,
713 1467 766 1531 cui
789 1466 879 1553 Tyrii
903 1477 935 1532 et
959 1465 1244 1550 Carthaginienses
1264 1483 1350 1529 sacra

333 1568 501 1650 faciebant,
523 1573 567 1633 ita
589 1579 658 1634 erat
680 1577 893 1654 comparatus,
915 1580 952 1634 ut
966 1571 1152 1656 quicunque
1167 1566 1349 1650 dignissima

332 1671 457 1736 ratione
477 1671 573 1736 deum
593 1680 801 1736 veneraturus
824 1680 902 1750 erat,
925 1693 960 1736 se
982 1672 1087 1757 ipsum
1109 1679 1275 1736 cremaret.

298 1799 300 1803 ’
399 1772 504 1854 Quam
526 1773 568 1838 ob
589 1795 658 1838 rem
679 1794 793 1860 pacem
807 1795 845 1838 eo
861 1783 954 1860 pacto
975 1773 1040 1839 illis
1052 1773 1133 1839 Celo
1149 1771 1349 1850 concesserit,

333 1885 369 1940 ut
390 1874 455 1940 duo
476 1875 632 1941 talentum
660 1874 750 1940 milia
774 1874 817 1939 ad
842 1875 1064 1942 resarciendas
1090 1874 1167 1940 belli
1193 1877 1349 1961 impensas

333 1977 460 2044 solvant
480 1977 776 2061 Carthaginienses,
803 1977 919 2064 bisque
941 1977 1067 2070 Siculas
1088 1977 1142 2044 vel
1164 1979 1262 2042 etiam
1283 1999 1351 2064 pos·

332 2079 492 2145 sessiones
521 2081 700 2165 permiserit
727 2101 825 2146 causa
843 2081 878 2144 in
898 2103 935 2146 ec
960 2081 1022 2146 sita
1043 2090 1107 2162 est,
1139 2089 1175 2144 ut
1195 2080 1293 2146 etiarn
1314 2077 1349 2146 E.

333 2181 461 2248 Curtius
484 2180 571 2266 (hist
597 2182 654 2248 Gr.
676 2182 735 2250 11².
758 2206 789 2269 p.
810 2178 886 2263 481)
916 2192 948 2248 et
969 2181 1124 2250 Siefertus
1145 2205 1177 2268 p.
1201 2177 1242 2248 19
1266 2180 1351 2246 vide·

331 2293 423 2365 runt,
466 2291 503 2349 ut
534 2283 626 2350 nullo
661 2285 854 2372 impediente
890 2283 1010 2350 bellum
1040 2285 1222 2366 Persicum,
1269 2283 1352 2372 quod

329 2385 473 2452 nondum
506 2385 702 2453 decertatum
737 2397 818 2468 erat,
854 2397 945 2474 paret
978 2396 1010 2452 et
1044 2387 1130 2476 quod
1168 2389 1197 2452 ei
1225 2408 1352 2473 persua·

331 2511 402 2554 sum
420 2489 496 2570 fuit,
527 2511 605 2574 opes
626 2489 961 2576 Carthaginiensium,
991 2513 1188 2577 quamquam
1209 2492 1352 2576 proxime

329 2592 435 2656 victae
457 2600 549 2657 erant
568 2600 678 2657 tamen
699 2616 765 2659 non
787 2615 918 2680 prorsus
938 2591 1099 2658 confectas
1123 2614 1203 2658 esse.

392 2694 506 2782 ltaque
543 2693 625 2760 Celo
650 2698 719 2780 jam
749 2705 845 2760 antea
880 2694 1016 2762 simulac
1051 2694 1138 2760 fama
1173 2695 1353 2783 percrebuit

328 2797 473 2862 Xerxem
495 2797 530 2861 in
552 2795 723 2863 Graeciam
744 2797 965 2880 descendisse,
1000 2795 1178 2881 Cadmum,
1212 2797 1352 2886 Scythae

328 2897 431 2964 lilium
452 2898 548 2981 (conf.
570 2898 695 2968 Siefert
718 2899 1020 2968 Zankle-Messana,
1040 2897 1132 2981 1854,
1154 2923 1186 2988 p.
1210 2896 1275 2986 15),
1301 2908 1352 2966 c'u·

323 3003 378 3090 jus
394 3003 554 3089 justitiam
577 3014 752 3090 spectatam
767 3013 972 3090 cognoverat,
994 3003 1098 3070 tribus
1119 3024 1191 3068 cum
1214 3001 1352 3072 navibus

248 3173 250 3184 ‚
328 3105 567 3192 quinquaginta
595 3127 757 3170 remorum
779 3104 987 3192 speculatoris
1014 3128 1148 3172 munero
1169 3105 1353 3170 firncturum
1438 3119 1439 3122 ’

328 3205 476 3292 Delphos
506 3209 645 3274 miserat.
701 3209 837 3296 Magnas
867 3209 962 3273 etiam
991 3209 1147 3296 pecunias
1178 3209 1246 3296 ejus
1277 3207 1352 3273 fidei

328 3309 514 3374 commissas
550 3332 658 3376 secum
695 3313 834 3398 portavit
870 3310 1076 3399 pacificisque
1109 3309 1271 3376 mandatis
1308 3313 1353 3374 in-

328 3419 465 3476 structus
488 3411 558 3492 fuit,
582 3422 617 3477 ut
630 3413 852 3503 belli-exitum
868 3422 1086 3499 exspectaret:
1111 3415 1200 3480 etita
1223 3412 1353 3500 quidem

328 3521 380 3596 ut,
408 3514 435 3578 si
457 3515 583 3580 Xerxes
606 3518 751 3603 superior
773 3515 877 3582 factus
896 3525 994 3600 esset,
1024 3518 1178 3604 pecunias
1200 3518 1229 3581 ei
1249 3513 1354 3582 trade-

327 3627 375 3682 ret
402 3626 584 3704 terramque
614 3628 711 3706 atque
740 3641 858 3706 aquam
891 3621 1031 3684 omnium
1065 3641 1176 3692 eorum
1208 3618 1353 3684 locorum

327 3719 448 3801 afferet,
471 3718 588 3806 quibus
611 3719 693 3786 Gelo
714 3723 902 3808 imperaret;
936 3723 985 3786 sin
1007 3721 1124 3786 Graeci
1145 3722 1299 3788 vicissent
1321 3728 1354 3785 ut

327 3843 475 3887 reversus
498 3843 552 3888 eas
576 3833 764 3910 reportaret.

395 3923 480 3991 'lum
503 3926 589 4013 jam,
621 3935 694 4014 post
723 3949 867 4014 pugnam
895 3927 1119 3996 Himcrccsem
1150 3927 1215 3998 alia
1244 3949 1353 3996 rerum
