2920 5046
600 475 645 550 55

119 665 253 731 conditio
276 665 346 752 fuit,
368 669 476 756 itaque
496 667 665 754 probabile
688 675 737 732 est
752 666 837 754 quod
852 665 974 738 Herod.
986 667 1058 733 VH.
1071 662 1135 752 165

119 777 148 832 et
167 767 263 832 Diod.
271 769 329 835 XI.
351 765 404 852 26,
424 769 563 846 tradunt,
586 769 739 856 temporis
764 769 877 834 ordine
898 769 1030 856 quidem
1049 771 1134 834 inter
1227 781 1231 786 “

118 880 283 958 utrumque
318 875 465 954 inverso,
510 871 668 938 Gelonem
701 872 826 956 maguis
860 893 931 937 eum
963 873 1066 958 copiis
1099 873 1133 936 in

118 972 282 1052 Graeciam
303 975 441 1038 transire
461 973 680 1061 adversusque
691 974 806 1038 Persas
830 993 901 1038 cum
926 973 990 1038 illis
1014 973 1133 1038 bellum

117 1087 222 1159 gerere
245 1077 456 1153 constituisse,
477 1076 534 1140 sed
556 1076 660 1142 classa
676 1077 746 1163 jam
766 1077 939 1163 trajeetura
950 1073 1133 1142 Corinthios

117 1177 268 1263 quosdam
307 1177 459 1244 advectos
491 1179 679 1260 nnnuiasse,
716 1177 857 1242 Graecos
892 1177 935 1242 ad
966 1175 1134 1242 Salamina

116 1278 225 1345 Persas
248 1301 416 1366 superasse
437 1290 468 1346 at
482 1281 626 1346 Xerxem
647 1303 720 1345 eum
738 1278 847 1368 aliqua
868 1282 1027 1346 exercitus
1042 1289 1134 1367 parte

116 1403 154 1445 ex
175 1381 308 1470 Europa
331 1384 516 1451 excessisse.
705 1457 709 1468 p
833 1455 835 1466 ¹

174 1484 271 1564 Quod
306 1507 363 1550 nos
400 1484 441 1549 ad
478 1494 674 1572 postremam
711 1486 933 1571 quaestionem
970 1486 1133 1572 inquiren·

115 1585 184 1650 dam
207 1586 312 1670 ducit,
343 1609 406 1674 quo
430 1587 481 1651 die
501 1609 614 1672 pugna
635 1587 676 1651 ad
697 1587 862 1652 Himeram
881 1588 966 1651 facta
987 1589 1037 1655 sit.
1081 1588 1133 1652 De

114 1687 171 1751 hoc
200 1692 284 1754 enim
315 1698 461 1776 tempore
490 1689 654 1754 Diodorus
686 1697 716 1752 et
744 1688 926 1754 Herodotus
960 1711 1026 1754 non
1060 1711 1130 1754 eon-

13 1811 15 1820 ·
113 1793 253 1856 veniunt.
287 1791 350 1855 Hie
373 1793 458 1856 enim
470 1789 689 1856 Hamilcarem
703 1790 1019 1876 Carthaginiensium
1041 1813 1132 1879 proa-

113 1891 153 1956 lio
181 1892 350 1958 aGelone
380 1903 412 1957 et
439 1893 589 1958 Therone
619 1893 732 1958 eodem
764 1893 818 1958 die
850 1903 1033 1980 suparatum
1063 1917 1133 1960 esse

113 2003 275 2077 memorat,
296 2015 360 2084 quo
384 1993 503 2060 Graeci
522 1994 565 2059 ad
580 1993 743 2060 Salamina
765 1997 940 2060 maximam
964 1997 1005 2061 de
1026 1996 1133 2062 Persis

13 2127 14 2138 ¹
112 2097 277 2162 victoriam
308 2099 574 2184 reportavissent:
604 2096 666 2162 Ille
693 2120 769 2162 vero
799 2096 1083 2184 Carthaginienses
1113 2123 1133 2165 a

112 2197 235 2264 Gelone
258 2199 401 2264 devictos
421 2221 491 2264 esse
512 2201 583 2284 ipso
599 2199 650 2262 die
671 2200 779 2283 tradit,
799 2222 863 2286 quo
878 2199 1041 2274 Leonidas
1057 2223 1132 2266 eum

112 2303 172 2366 suis
194 2302 240 2368 ad
260 2301 495 2388 Thermopylas
517 2323 586 2364 rem
611 2303 768 2385 gessisset.
812 2301 990 2389 Utrumque
1011 2303 1131 2370 factum

112 2423 177 2467 csse
197 2426 266 2468 non
286 2412 401 2490 potest.
452 2403 548 2486 Quod
566 2403 608 2468 ad
630 2403 768 2469 Diodori
795 2405 985 2470 sententiam
1008 2416 1132 2492 spectat

112 2527 179 2569 eum
203 2505 265 2572 sibi
288 2515 436 2570 constare
456 2506 567 2572 videre
589 2505 678 2571 lieet:
708 2507 736 2571 si
767 2507 852 2570 enim
870 2509 1009 2574 victores
1031 2507 1131 2572 Siculi

110 2606 195 2673 velut
216 2609 293 2692 (XI.
316 2604 368 2690 23,
389 2606 423 2692 ⁶2)
441 2608 548 2690 tradit,
572 2609 713 2674 Graecos
740 2611 893 2696 majorem
915 2609 957 2675 ad
979 2610 1131 2676 fiduciam
1235 2671 1243 2684 ,

110 2713 331 2778 accenderunt.
386 2711 511 2776 Ponere
539 2713 636 2796 igitur
664 2733 835 2798 possumus
863 2711 985 2797 proelio
1009 2712 1051 2777 ad
1072 2711 1129 2777 Hi-

13 2845 14 2850 1
110 2833 230 2878 meram
263 2815 431 2878 commisso
461 2818 600 2880 Graecos
631 2813 775 2878 nondum
806 2835 877 2877 oum
907 2813 1014 2879 Persis
1043 2815 1131 2901 apud

110 2914 274 2980 Salamina
295 2937 483 3001 congressos
505 2939 582 2982 esse.
626 2915 756 2981 Deinde
778 2915 864 2980 idem
879 2915 1041 2982 Diodorus
1064 2939 1130 2982 me·

107 3029 222 3101 morat,
260 3041 358 3105 quum
381 3020 451 3104 jam
479 3021 646 3084 victoriam
674 3018 810 3104 adeptus
840 3027 940 3097 esset,
970 3019 1129 3086 Gelonem
1221 3067 1223 3070 -

109 3139 178 3184 cum
201 3123 326 3206 magnis
356 3123 389 3185 in
411 3119 581 3186 Graeciam
609 3122 708 3206 copiis
736 3123 872 3186 transire
898 3131 995 3208 atque
1020 3123 1132 3188 adver·

108 3243 160 3286 sus
180 3223 296 3288 Persas
325 3222 444 3288 bellum
465 3243 577 3308 gerere
599 3224 806 3288 constituisse.
857 3224 1019 3290 Diodorus
1043 3225 1130 3290 hunc

109 3321 246 3412 denique
272 3325 313 3388 ad
335 3324 567 3412 Thermopylas
595 3323 839 3392 illlustrissimac
861 3325 962 3392 eladis
989 3336 1022 3391 et
1043 3327 1130 3414 apud
1187 3383 1196 3405 ,

108 3425 275 3492 Himeram
302 3425 536 3512 pulcherrimae
567 3429 721 3492 victoriae
750 3428 914 3494 fortuitum
938 3449 1130 3494 concursum

109 3527 262 3613 singulari
285 3529 451 3616 cujusdam
474 3529 524 3600 dei
548 3531 674 3594 numini
696 3530 815 3598 tribuit.

170 3631 285 3718 ltaque
317 3631 463 3698 videmus
500 3632 668 3697 historicos
702 3643 733 3698 et
765 3631 908 3698 Graecos
941 3643 973 3698 et
1002 3634 1129 3700 Siculos

107 3733 189 3798 hanc
213 3755 355 3820 pugnam
371 3735 564 3819 cogitatione
577 3733 762 3821 depinxisse
780 3737 1012 3823 gravitatisque
1033 3758 1130 3802 eausa

108 3857 178 3900 cum
216 3835 395 3900 Salaminia
434 3838 566 3902 victoria
601 3837 714 3902 eodem
753 3838 847 3902 simul
884 3839 937 3904 die
974 3839 1128 3906 accidisse

108 3915 244 4022 libenter
263 3960 302 4004 ae
323 3939 464 4005 studiose
486 3939 673 4006 tradidisse:
702 3948 875 4029 utrmque
896 3944 982 4010 enim
1005 3940 1128 4014 ballum
