2920 5046
811 457 857 532 56

320 648 363 716 ad
384 656 505 718 'toturn
546 648 717 718 Graeciam
758 649 963 718 liberandam
1004 599 1341 717 felicissimosuccessu

324 755 530 820 commissum
574 752 643 826 fuit.
705 755 772 821 Hic
811 763 843 820 et
878 753 947 820 illic
980 755 1140 820 maximus
1191 751 1343 818 barbaro·

323 879 394 922 rum
419 879 460 921 ex
472 859 589 924 arcitus
611 861 808 924 Graecorum
829 857 940 922 virtuti
961 878 1000 922 ac
1020 856 1209 943 prudentiae
1227 855 1340 920 cessio

321 958 375 1024 hic
402 966 434 1023 et
463 958 531 1024 illic
549 961 697 1025 incursus
726 959 864 1025 hosfium
887 959 963 1044 fuit,
992 960 1048 1046 qui
1071 956 1231 1036 Graecum
1259 958 1344 1044 prin·
1449 951 1450 1008 Ϊ

322 1061 426 1148 cipem
447 1062 481 1126 in
503 1083 639 1148 regnum
658 1061 813 1128 reducere
835 1060 945 1144 vellet,
963 1061 1017 1126 hic
1038 1069 1071 1126 et
1089 1059 1157 1126 illic
1179 1061 1240 1126 hae
1258 1059 1344 1125 duae

322 1161 419 1229 urbes
439 1165 599 1230 maximae
621 1163 750 1230 fuerunt
771 1165 854 1230 inter
875 1185 910 1230 se
922 1165 1123 1230 consociatae
1138 1171 1248 1228 contra
1260 1183 1346 1227 com·
1449 1169 1450 1198 ³

321 1288 452 1332 munem
474 1267 616 1350 hostem,
647 1289 748 1356 quum
770 1265 853 1334 aliae
871 1267 1011 1334 minores
1033 1266 1072 1333 ad
1096 1267 1220 1334 hostem
1243 1273 1346 1332 trans·

323 1368 575 1540 fuglllisllsltrlrrius
599 1473 729 1561 quidem
751 1471 864 1554 (schol.
889 1471 965 1538 hist.
994 1472 1104 1546 antL
1134 1495 1166 1559 p.
1188 1466 1270 1556 423,
1302 1471 1346 1543 Π.

322 1569 399 1659 123,
429 1575 503 1642 hist
524 1573 616 1646 Rom.
638 1581 680 1641 11.
701 1571 738 1668 3)
768 1573 933 1641 contendit
962 1584 994 1642 et
1015 1571 1149 1669 Gelonis
1167 1595 1304 1660 rognum
1327 1596 1347 1640 a

320 1678 464 1745 Diodoro
488 1678 600 1744 decem
622 1678 715 1744 annis
736 1679 891 1744 maturius
913 1676 1045 1744 ductum
1068 1687 1101 1742 et
1121 1699 1265 1765 pugnam
1286 1675 1345 1742 Hi·
1375 1721 1379 1729 ·
1448 1763 1449 1772 ἵ

319 1801 498 1848 metensem
526 1802 592 1846 non
614 1778 711 1845 modo
742 1779 848 1845 levem
874 1779 993 1866 etjam
1015 1781 1127 1866 paucis
1158 1787 1233 1844 ante
1252 1779 1346 1844 annis
1448 1777 1449 1816 ³

320 1885 523 1950 commissam
556 1904 626 1948 esse
652 1881 709 1948 sed
734 1884 841 1969 potius
866 1881 989 1948 nullam
1020 1881 1138 1947 fuisse!
1186 1881 1252 1947 Sed
1286 1881 1346 1946 has
1448 1877 1449 1916 l

320 1987 493 2052 sententias
521 1985 719 2052 Niebuhrius
747 2007 854 2074 noque
885 1985 985 2071 ipsius
1012 1985 1209 2070 argumentis
1239 2005 1346 2072 neque

203 2124 205 2132 s
320 2084 426 2153 allatis
462 2089 655 2175 scriptorum
691 2089 880 2154 testimoniis
916 2088 993 2152 satis
1028 2085 1241 2156 confirmavit
1301 2085 1346 2152 Ut

320 2213 397 2257 vero
425 2189 576 2256 Holmius
602 2190 690 2273 vult,
720 2213 832 2278 pugna
859 2189 916 2255 illa
944 2188 1126 2255 Siculorum
1153 2197 1184 2254 et
1213 2187 1346 2254 Cartha-

321 2293 533 2381 giniensium,
559 2291 721 2381 adquam
745 2291 827 2358 Gelo
850 2313 870 2359 a
889 2292 1056 2378 Spartanis
1086 2291 1242 2358 auxilium
1264 2293 1346 2378 peti·

320 2406 426 2480 verat,
450 2396 520 2484 jam
541 2395 622 2462 haec
643 2406 707 2479 cst,
735 2419 832 2484 quam
854 2394 896 2477 ob
923 2417 992 2460 rem
1013 2416 1099 2460 anno
1128 2393 1346 2483 quadringen-

320 2501 434 2564 tesimo
464 2499 662 2585 octogesimo
693 2500 799 2586 primo
821 2519 893 2564 eam
915 2498 1121 2564 commissam
1154 2518 1224 2564 esse
1242 2507 1344 2584 putat.

320 2600 479 2668 Herodoti
500 2601 609 2681 verba,
631 2623 649 2666 e
672 2601 789 2689 quibus
810 2599 968 2679 Holmius,
988 2608 1025 2666 ut
1047 2599 1125 2664 mihi
1146 2600 1278 2687 quidem
1300 2602 1345 2666 vi·

321 2703 432 2788 detur,
466 2705 586 2794 injuria
613 2703 793 2804 concludit,
830 2702 915 2767 hanc
948 2723 1091 2790 pugnum
1119 2701 1345 2768 Himerensem

183 2833 193 2851 ‘
314 2809 384 2896 jam
412 2816 508 2874 antea
536 2806 656 2872 factam
686 2829 757 2874 esse
786 2806 865 2872 haec
895 2813 969 2871 sunt
996 2803 1167 2872 eGelonis
1198 2825 1346 2870 sermone
1442 2818 1444 2833 ¹

319 2903 504 2992 (v11.158)
533 2901 624 2976 αὐτοὶ
651 2907 688 2976 δὲ
715 2907 795 2994 ἐμεῦ
814 2907 977 2994 πρότερον
1003 2910 1175 2994 depdcosoc
1194 2899 1369 2995 βαρβαρι-Ι

318 3013 376 3081 κοῦ
400 3013 537 3098 στρατοῦ
555 3009 821 3099 curandorum,
840 3006 898 3077 ὅτε
917 3034 976 3094 μοι
995 3007 1080 3097 πρὸς
1101 3011 1346 3098 Καρχηδονίους

318 3123 420 3189 νεῖκος
439 3119 594 3202 συνῆπτο·
617 3137 665 3202 sq.
716 3114 807 3182 Haeo
829 3113 947 3197 verba,
978 3134 1063 3201 quae
1094 3112 1191 3178 etiam
1222 3113 1264 3178 ad
1294 3135 1345 3178 res

318 3217 407 3284 bello
435 3217 518 3282 bene
547 3226 654 3302 gestas
681 3219 841 3304 pertinere
870 3215 1038 3299 videntur,
1072 3215 1165 3281 aliter
1191 3216 1345 3301 interpre-

317 3319 417 3386 tanda
444 3341 531 3404 esse,
569 3319 687 3386 docent
721 3321 852 3388 Grotius
885 3317 973 3412 (hist.
1006 3318 1042 3384 of
1070 3319 1128 3384 Gr.
1160 3317 1220 3384 III.
1255 3312 1345 3404 170),

243 3413 249 3425 ’
317 3421 460 3488 Plassius
493 3422 531 3504 (Ι.
554 3417 631 3507 288)
661 3431 694 3489 et
726 3422 880 3490 Siefertus
911 3422 958 3510 (p.
987 3417 1051 3504 16),
1088 3421 1278 3502 Praeterea,
1316 3421 1344 3484 si

317 3523 466 3591 Holmius
488 3547 521 3612 p.
541 3519 606 3592 209
634 3524 727 3592 alteri
748 3528 850 3616 priori
876 3525 963 3592 bello
992 3526 1025 3592 in
1047 3523 1180 3590 Gelonis
1207 3522 1343 3588 historia

317 3627 442 3693 nullum
471 3627 578 3694 locum
596 3630 674 3716 lesse
699 3628 855 3711 affirmat,
891 3629 920 3692 ei
950 3649 1152 3716 opponamus
1182 3623 1342 3689 Gelonem

316 3739 390 3818 post
418 3739 557 3820 quatuor
584 3752 686 3796 annos
708 3731 840 3822 quidem
863 3731 1114 3818 Syracusarum,
1140 3749 1218 3794 vero
1246 3734 1342 3792 antea

317 3855 376 3899 sex
395 3857 454 3922 per
474 3855 578 3900 annos
594 3831 695 3900 Gelae
710 3843 882 3922 tyrannum
905 3833 1016 3914 fuisse,
1037 3854 1101 3920 quo
1115 3840 1260 3917 tempore
1279 3830 1341 3894 hoc
1445 3817 1446 3835 *

317 3957 391 4004 curn
412 3935 737 4024 Carthaginiensibus
758 3934 879 4044 bellurn
893 3934 1013 4004 Geloni
1034 3933 1212 4021 gerendum
1233 3931 1339 4018 fuerit,
1444 4031 1445 4036 ἵ
