2920 5046
771 418 871 492 10·

364 643 521 711 Siefertus
540 645 582 715 de
603 643 728 710 Gelono
750 644 900 732 Syracus.
924 653 984 733 tyr.
1009 644 1149 712 Altonae
1173 641 1273 717 1868.Ι

365 746 515 813 Holmius
536 748 647 817 histor.
671 748 759 818 Sicil.
779 747 807 814 I.
829 771 862 835 p.
885 742 1064 814 193-212

345 849 411 917 Sed
434 852 660 917 commentatio
684 850 863 938 singularis,
882 873 967 938 quae
988 850 1030 916 ad
1051 851 1157 917 fontes
1179 850 1313 917 Gelonis

280 953 431 1018 historiae
454 975 630 1041 eorumque
647 956 868 1021 auctoritatem
883 961 1016 1040 spectet,
1040 955 1074 1018 in
1090 953 1200 1019 'literis
1215 955 1313 1018 etiam

280 1077 369 1121 nunc
398 1055 610 1127 desideratur:
642 1059 762 1138 ineis,
797 1079 882 1144 quae
909 1065 1088 1145 sequuntur
1115 1055 1188 1138 ideo
1218 1055 1313 1120 nobis

281 1157 387 1224 fontes
408 1168 585 1236 auctorum,
611 1161 667 1247 qui
683 1159 821 1226 Gelonis
845 1181 896 1225 res
918 1157 1123 1225 tradiderunt
1137 1180 1313 1246 eorumque

281 1259 380 1326 tidem
416 1259 583 1328 ostendere
617 1263 855 1350 nonnullasque
899 1260 1055 1349 quasdam
1097 1263 1312 1350 quaestiones,

283 1385 367 1451 quae
387 1386 407 1429 a
427 1364 657 1430 recentioribus
687 1365 852 1431 nonsatis
878 1367 1036 1451 sagaciter
1062 1367 1143 1430 mihi
1167 1364 1312 1450 digestae

282 1464 439 1549 videntur,
464 1469 644 1533 accuratius
667 1477 805 1533 tractare
827 1469 1064 1554 proposuimus.

345 1568 479 1634 Initium
507 1569 548 1634 ab
568 1569 726 1636 Herodoti
755 1571 939 1636 narratione
961 1593 1134 1638 sumamus.
1185 1569 1229 1634 Et
1250 1569 1312 1656 pri-

283 1693 371 1738 mum
395 1671 523 1759 quidem
553 1672 647 1738 nobis
679 1672 956 1756 constituendum,
985 1695 1027 1738 an
1049 1672 1215 1738 Herodoto
1241 1673 1311 1760 jam

283 1783 491 1839 monumenta
518 1797 558 1839 ao
585 1774 699 1840 literae
731 1775 889 1863 quaedam
918 1784 1047 1862 praesto
1078 1785 1109 1840 et
1141 1777 1231 1862 cujus
1259 1795 1312 1859 ge·

283 1877 369 1942 neris
397 1875 532 1959 fuerint,
559 1876 677 1942 deinde
704 1886 859 1966 quantum
885 1879 1021 1964 petierit
1071 1877 1191 1966 Utique
1221 1879 1312 1942 nimii

283 2001 394 2045 sumus
415 1981 449 2044 in
470 1978 672 2044 Dahlmanni
693 1979 904 2066 (Forschung.
920 2004 948 2050 a.
962 1981 993 2046 d.
1009 1979 1091 2046 Geb.
1104 1981 1135 2046 d.
1151 2004 1179 2045 a.
1192 1979 1309 2047 Gesch.

281 2080 324 2150 11.
347 2104 379 2168 p.
403 2077 480 2167 135)
511 2084 687 2166 sententia,
725 2105 808 2170 quae
837 2081 871 2148 id
904 2093 1037 2172 spectat,
1066 2093 1101 2148 ut
1127 2082 1312 2148 Herodotus

283 2207 383 2273 quum
407 2185 442 2249 in
463 2184 560 2271 longe
582 2183 730 2272 plurimis
748 2185 844 2252 rebus
867 2188 936 2272 ipse
956 2210 1015 2275 pro
1038 2209 1137 2276 opere
1157 2208 1214 2252 suo
1234 2185 1312 2251 fide·

277 2286 393 2374 jubeat
414 2295 482 2353 tum
495 2297 687 2355 vetustatem
711 2289 914 2372 condemnet,
934 2291 991 2356 sed
1006 2293 1113 2377 potius
1130 2291 1313 2376 praesentia

283 2389 503 2478 descripserit,
533 2391 621 2480 quod
643 2391 705 2457 sibi
727 2391 858 2457 fabulae
880 2395 1032 2480 antiquae
1055 2401 1087 2458 et
1109 2391 1192 2457 illud
1213 2392 1312 2458 histo·

282 2495 350 2559 riae
380 2516 484 2581 genus
513 2493 802 2583 logographorum,
835 2496 891 2582 qui
922 2506 1095 2577 vocantur,
1130 2495 1313 2562 satisfacere

282 2618 350 2662 non
382 2599 552 2685 potuerint.
611 2595 758 2686 Namque
784 2595 970 2664 Herodotus
999 2599 1189 2686 saepissime
1217 2599 1311 2663 etiarn
1399 2649 1405 2659 .

281 2701 388 2766 varias
410 2701 561 2768 historiae
591 2701 718 2767 fabulas
746 2700 917 2766 admiscuit
946 2711 977 2767 et
1005 2703 1040 2766 in
1064 2703 1110 2767 eis
1141 2703 1220 2788 ipsis
1243 2723 1313 2767 nar·

175 2825 177 2830 ·
282 2803 393 2870 randis
415 2803 617 2870 hauddubie
638 2803 837 2870 familiariter
864 2826 935 2870 esse
958 2812 989 2870 et
1011 2803 1149 2870 libenter
1176 2804 1312 2873 videtur.

283 2907 350 2974 Sed
382 2915 515 2996 propter
541 2929 649 2995 pauca
678 2906 952 2994 logographorum
980 2907 1163 2992 fragmenta
1189 2916 1313 2973 tantum

281 3034 355 3079 raro
379 3009 449 3078 fieri
470 3033 568 3099 posse
590 3018 626 3075 ut
649 3008 812 3093 dicamus,
842 3010 1028 3100 ubicunque
1047 3011 1232 3077 llerodotus
1254 3010 1313 3076 hos

281 3124 429 3181 auctores
452 3121 644 3200 praeeuntes
666 3111 822 3196 habuerit,
857 3112 1032 3180 dolendum
1051 3113 1144 3179 nobis
1166 3121 1228 3197 est3
1255 3113 1314 3180 hos

283 3217 413 3305 quidem
421 3217 629 3303 eumsaepius
638 3225 808 3304 sequutum
817 3238 990 3304 essequam
998 3217 1225 3283 Dahlmannus
1233 3215 1312 3300 vult,

282 3327 368 3386 certe
391 3319 523 3385 credere
538 3341 726 3406 possumus;
750 3319 837 3408 quod
858 3321 955 3385 etiarn
971 3320 1117 3408 ⁴probant
1133 3320 1313 3386 Urlichsius

282 3421 361 3504 (Eos
383 3421 408 3491 I.
436 3445 469 3510 p.
490 3417 570 3506 558,
599 3419 679 3510 559)
715 3433 748 3489 et
782 3425 967 3510 nuperrime
998 3423 1182 3490 Nitzschius
1216 3422 1313 3512 (llus.

281 3525 384 3592 Rhen.
408 3525 547 3596 XXVII.
569 3549 601 3614 p.
625 3521 817 3608 226-268).

344 3628 474 3696 Nodum
496 3628 656 3696 Herodoti
679 3629 885 3715 historiarum
913 3629 1034 3720 faciunt
1064 3629 1120 3696 illa
1143 3655 1161 3697 e
1183 3614 1325 3696 veterri-¹
1449 3639 1450 3696 ζ

280 3733 343 3798 mis
364 3733 538 3798 inimicitiis
564 3733 649 3798 inter
670 3733 782 3798 Asiam
813 3739 910 3821 atque
935 3732 1101 3822 Europam
1129 3735 1314 3800 emanantia

281 3835 368 3902 bella
389 3834 587 3902 Graecorum
616 3859 690 3902 cum
719 3835 865 3902 barbaris
895 3845 1001 3924 gesta,
1031 3861 1114 3926 quae
1143 3837 1313 3926 usquead

282 3936 366 4005 Sesti
381 3941 655 4028 oppugnationem
668 3949 798 4006 narrata
811 3947 895 4025 sunt,
918 3939 1035 4030 quibus
1051 3941 1200 4008 omnibus
1215 3939 1313 4007 rebus
