2920 5046
751 395 797 525 ‘8

285 593 447 662 silentium
469 593 674 682 scriptorum,
703 587 759 678 qui
789 587 830 656 dc
852 586 950 656 rebus
970 587 1028 656 illo
1049 596 1193 679 tempore
1213 589 1314 678 gestis

285 706 430 786 egerunt,
453 697 487 761 in
502 694 697 762 oblivionem
712 691 869 762 abierunt.
906 691 988 757 Tum
1004 690 1144 777 demum,
1159 689 1314 760 adfinem

285 800 407 870 saeculi
439 797 524 864 sexti
551 797 695 864 civitates
727 796 950 878 increverunt,
988 817 1086 883 quum
1118 797 1247 884 tyranni
1279 807 1315 863 ut

285 903 456 992 Agrigenti
477 899 634 983 Phalaris,
657 899 859 982 Alcamenes,
883 897 1064 980 Alcauder,
1086 897 1212 982 Thero,
1233 897 1315 966 Seli·
1401 933 1405 940 ·

286 1016 387 1074 nunte
409 1003 626 1094 Pythagoras,
658 1000 760 1067 Gelae
783 999 959 1083 Cleander,
980 999 1214 1089 Hippocrates,
1233 999 1315 1068 Gelo

201 1177 205 1182 ,
285 1110 388 1176 Hiero
409 1106 661 1173 dominationem
680 1105 768 1170 nacti
791 1111 873 1172 sunt.
930 1103 994 1170 Sed
1020 1105 1144 1192 primus
1173 1105 1322 1170 omnium*

287 1209 418 1278 Siciliae
447 1219 658 1298 tyrannorum
687 1207 860 1272 Panaetius
890 1205 1073 1295 appellatur
1102 1203 1190 1294 apud
1217 1207 1316 1273 Euse-

286 1314 376 1380 bium
404 1311 447 1378 ad
475 1310 606 1400 Olymp.
625 1308 756 1393 XLIII,
787 1331 885 1397 quem
911 1308 1009 1378 Arist.
1039 1309 1110 1381 Pol.
1132 1309 1172 1378 V.
1195 1306 1235 1394 8,
1265 1307 1317 1382 10.

287 1415 499 1482 Lentinorum
530 1423 704 1502 tyrannum
737 1412 836 1478 fuisse
873 1412 981 1479 tradit.
1039 1412 1194 1494 (Olinton.
1228 1412 1318 1478 Fasti

287 1517 416 1585 Hellen.
440 1518 467 1602 Ι,
488 1513 576 1600 218).

352 1619 522 1710 Syracusis
552 1621 638 1684 enim
664 1618 756 1683 initio
780 1617 900 1684 saeculi
921 1618 1024 1706 quinti
1046 1617 1160 1706 populi
1188 1618 1319 1684 libertas

287 1732 459 1810 tantopere
486 1723 592 1810 coepit
612 1721 806 1802 increscere,
831 1729 867 1785 ut
895 1719 1065 1806 demagogi
1094 1743 1203 1788 servos
1225 1721 1320 1786 clien-

287 1833 400 1913 tesque
423 1825 623 1912 optimatium
655 1825 725 1912 (qui
751 1823 819 1888 illic
839 1821 970 1890 Gamori
994 1823 1208 1908 vocabantur)
1237 1844 1321 1888 sum·

247 2007 253 2014 ,
289 1951 376 1994 mam
403 1949 512 1994 rerum
540 1927 718 1993 tenentium
751 1926 907 1992 adversus
935 1926 1081 1993 dominos
1112 1929 1322 2011 concitarent,

289 2033 345 2121 qui
366 2029 447 2096 urbe
468 2031 560 2126 ejecti
590 2029 726 2096 salutem
744 2029 823 2114 fuga
842 2020 1038 2118 'quaerentes
1066 2032 1100 2096 in
1124 2029 1321 2096 Casmenam
1410 2042 1431 2116 ⁴J

288 2133 403 2200 urbem
433 2142 643 2200 secesserunt.
701 2131 783 2198 Gelo
815 2131 917 2198 Gelae
947 2141 1105 2222 tyrannus
1135 2135 1218 2199 inter
1247 2130 1320 2200 illos
1391 2124 1418 2231 p*

289 2257 433 2304 summus
461 2259 568 2302 rerum
596 2235 780 2302 moderator
810 2245 936 2304 creatus
962 2243 1026 2321 est,
1059 2237 1116 2324 qui
1151 2231 1249 2323 plebe
1283 2257 1322 2301 ac
1381 2235 1393 2270 ·'

290 2341 390 2406 servis
421 2339 584 2418 subactis,
614 2338 764 2404 Gamoris
786 2337 965 2426 Syracusas
995 2338 1153 2422 reductis,
1181 2338 1244 2405 hac
1271 2361 1326 2404 ra··
1344 2339 1370 2428 ᾖ

288 2445 377 2509 tione
405 2442 466 2508 eibi
493 2444 564 2529 ipse
592 2442 792 2508 dominatum
821 2439 1056 2531 Syracusarum
1085 2443 1328 2531 nobilissimum¹

269 2547 484 2652 'apsequutus
504 2553 587 2611 est..
693 2557 698 2574 ‘
1072 2547 1074 2559 ¹

352 2649 445 2716 Haec
468 2656 516 2715 est
538 2650 684 2738 tyrannis
701 2649 814 2738 optimi
829 2649 973 2736 generis:
997 2648 1078 2716 Gelo
1102 2657 1260 2739 tyrannus
1275 2657 1325 2715 est
1445 2689 1446 2694 κ

289 2753 359 2842 ipse
382 2774 425 2817 ex
447 2753 647 2840 optimatium
671 2753 835 2840 partibus,
865 2754 920 2841 qui
947 2760 1053 2848 ⁸totum
1075 2775 1134 2840 per
1155 2754 1323 2840 imperium

289 2857 324 2920 in
346 2855 488 2922 Siciliam
516 2845 657 2923 insulam
680 2855 878 2922 Graecorum
910 2856 1057 2922 instituta
1082 2862 1253 2945 moresque
1275 2857 1323 2920 in·

290 2957 482 3025 troducebat
515 2981 639 3047 suaque
668 2959 805 3043 insignis
834 2960 1013 3046 aequitate·
1030 2959 1170 3046 optimis
1195 2957 1324 3046 legibus

288 3061 428 3127 insulam
451 3061 627 3131 recreabat.
663 3059 774 3150 (Diod.
793 3060 855 3143 XI,
878 3056 944 3146 38).
983 3059 1129 3143 Quantus
1150 3063 1326 3150 imperator

291 3173 322 3229 et
342 3185 440 3252 quam
459 3161 540 3229 belli
562 3165 684 3250 peritus
708 3163 820 3248 fuerit,
848 3164 978 3230 abunde
999 3185 1041 3230 ex
1064 3164 1132 3252 ejus
1154 3163 1250 3231 rebus
1271 3186 1326 3252 ge-

291 3266 347 3332 stis
369 3273 475 3353 patet:
505 3265 610 3353 pluris
634 3287 764 3355 quoque
788 3268 856 3353 ejus
881 3267 1051 3332 clementia
1070 3270 1104 3332 in
1126 3269 1229 3334 victos
1251 3268 1325 3334 sub·

285 3369 454 3458 jectosque
465 3368 667 3435 aestimanda
681 3377 713 3434 et
727 3368 858 3457 plurimi
873 3372 1003 3438 omnino
1015 3368 1145 3439 indoles,
1161 3371 1326 3460 animique

291 3471 401 3549 dotes,
425 3469 467 3538 de
489 3470 620 3560 quibus,
652 3495 750 3562 quum
772 3473 939 3562 politicam
962 3474 1030 3560 ejus
1052 3473 1257 3561 prudentiam
1279 3484 1324 3541 at·

291 3595 355 3664 que
383 3574 508 3660 omnia,
540 3574 657 3664 quibus
686 3575 727 3642 de
756 3577 822 3642 suis
848 3577 968 3663 optime
996 3586 1044 3643 est
1074 3578 1222 3662 meritus,
1251 3599 1326 3644 con·

290 3678 500 3766 templamur,
528 3678 742 3747 admiratione
764 3681 905 3746 maxima
926 3668 1103 3751 afficimur.v
1144 3677 1227 3746 Nam
1249 3702 1327 3769 quo·

291 3781 380 3846 niam
404 3803 456 3847 res
470 3783 596 3871 imperii
612 3783 701 3871 apud
716 3781 859 3850 Graecos
873 3782 1060 3870 postulavit,
1082 3794 1119 3850 ut
1133 3791 1326 3872 praepotens

291 3891 389 3971 caput
409 3894 518 3971 ¹cesset,
551 3895 739 3974 ceteraque,
767 3907 850 3973 quae
877 3909 919 3953 ex
947 3909 985 3954 eo
1010 3887 1210 3976 pendebant,
1239 3885 1327 3952 infir-
