2920 5046
565 500 609 574 35

135 694 212 762 Ha'c
236 701 343 760 autem
371 693 466 781 hujus
494 691 601 758 libelli
621 691 716 756 tertia
745 695 853 775 parte,
887 685 1004 773 quibus
1027 684 1097 751 fon·
1137 763 1139 766 Ι
1197 721 1203 728 -

71 799 154 864 tibus
177 797 327 862 Justinus
357 818 414 861 seu
443 797 550 882 potius
579 793 753 880 Pompejus
775 790 902 875 Trogus
931 809 1030 874 quum
1063 787 1098 848 ih

71 899 167 966 rebus
189 897 310 965 Siculis
340 906 408 962 tum
429 897 463 961 in
485 895 619 962 Gelonis
642 894 773 959 historia
795 890 952 972 usuarii,
989 909 1098 974 quam-

72 1024 133 1089 que
154 1001 327 1068 utilitatem
349 999 444 1064 nobis
466 997 599 1064 Gelonis
620 1018 671 1062 res
693 1002 800 1082 gestas
826 989 1097 1080 perscrutantibus

71 1103 239 1190 praebeat,
260 1101 430 1168 ostendere
451 1098 650 1166 conabimur.

130 1207 249 1292 Pomp.
268 1203 414 1290 Trogus,
433 1203 488 1289 qui
514 1201 582 1267 fere
602 1201 689 1267 Livii
712 1197 857 1286 aequalis
884 1195 1098 1283 quadraginta

71 1317 207 1396 quatuor
230 1305 322 1371 libris
342 1306 440 1372 totius
463 1303 548 1372 orbis
572 1313 728 1369 terrarum
745 1301 892 1366 historias
908 1299 1095 1383 composuit,

70 1410 158 1476 libris
187 1416 305 1496 quarto
336 1416 367 1472 et
395 1405 522 1472 decimo
551 1415 665 1472 octavo
698 1423 800 1493 usquc
834 1399 877 1465 ad
905 1400 1095 1464 vicesimum

69 1513 196 1578 tertium
213 1509 346 1578 Siciliae
366 1507 531 1574 historiam
550 1509 711 1573 tractavit.
752 1503 825 1584 Quo
855 1503 984 1588 gravius
1013 1522 1094 1587 opus

70 1613 237 1700 perditum
271 1608 421 1694 ferimus,
453 1633 491 1676 eo
519 1612 624 1697 magis
658 1608 747 1674 illam
780 1605 899 1672 Justini
934 1604 1094 1690 epitomen

70 1715 122 1782 vel
156 1713 353 1799 florilegium
386 1713 570 1800 vituperare
601 1714 686 1778 lieet.
741 1709 818 1795 Ipse
848 1707 934 1771 enim
966 1729 1033 1772 non
1059 1731 1094 1775 se

71 1839 163 1883 omne
178 1816 284 1901 Trogi
304 1837 384 1901 opus
406 1817 441 1880 in
463 1817 622 1901 epitomen
642 1813 805 1898 redegisse
825 1808 882 1874 sed
903 1807 1094 1895 florilegium

70 1927 194 1986 tantum
219 1939 263 1982 ex
285 1938 324 1981 eo
345 1939 538 2004 componere
558 1915 700 1982 voluisse
722 1908 928 2000 excerpendo
951 1933 990 1976 ea
1012 1935 1095 2000 quae

70 2023 202 2108 cognitu
224 2019 418 2104 dignissima
438 2027 558 2101 essent,
591 2019 716 2083 omissis
738 2037 814 2080 vero
834 2013 909 2108 aliis
930 2039 1012 2104 quae
1032 2041 1094 2084 nec

67 2122 213 2209 jucunda
247 2143 309 2185 nac
341 2123 523 2186 necessaria
554 2120 738 2185 viderentur
769 2115 977 2205 praefationis
1003 2144 1095 2209 para-

71 2227 192 2312 grapho
215 2230 329 2311 quarta
352 2224 484 2288 monuit.
528 2221 571 2286 Et
601 2244 700 2309 quum
722 2222 795 2287 illos
819 2223 921 2312 Trogi
942 2225 1095 2311 prologos

71 2326 319 2413 inspexerimus,
354 2345 434 2410 quos
456 2323 606 2409 graeculo
629 2324 755 2389 cuidam
775 2326 896 2390 saeculi
915 2328 1019 2414 quinti
1040 2327 1094 2392 dc·

70 2427 199 2508 bemus,
231 2425 395 2491 Justinum
417 2426 518 2492 multa
539 2428 736 2510 narravisse,
770 2449 853 2514 quae
876 2428 1095 2495 contrahenda

71 2529 220 2612 fuissent,
254 2527 319 2593 aha
351 2530 565 2611 contraxisse,
599 2550 682 2616 quae
714 2550 780 2594 non
811 2528 958 2617 pleniora
985 2532 1027 2598 ab
1057 2553 1094 2598 eo

72 2640 220 2697 enarrata
243 2651 313 2713 esse
329 2631 404 2716 jure
428 2627 610 2712 doleamus,
645 2631 789 2710 omisisse
811 2630 908 2716 plane
929 2633 1029 2698 multa
1051 2633 1095 2699 ad
1204 2697 1206 2702 ,

71 2755 177 2798 rerum
198 2741 361 2819 gestarum
377 2731 522 2797 ordinem
537 2732 797 2820 perspiciendum
819 2755 857 2797 ac
878 2744 962 2800 recta
983 2745 1094 2800 tenen·

72 2833 147 2900 dum
184 2857 316 2922 prorsus
352 2837 533 2901 necessaria
569 2856 809 2920 cognoscemus.
867 2834 921 2924 (cf.
955 2837 1093 2908 Heeren

72 2935 435 3007 comumaciter.
457 2935 531 3007 XV.
553 2961 584 3024 p.
607 2933 694 3018 209.)

133 3039 254 3125 Agitur
282 3040 367 3104 enim
390 3039 443 3104 hio
470 3038 512 3104 de
542 3041 695 3127 scriptore
723 3039 880 3126 quodam,
913 3063 1009 3128 quem
1029 3065 1094 3108 non

73 3142 236 3228 integrum
259 3141 432 3224 habemus,
463 3141 521 3207 sed
539 3143 630 3230 cujus
654 3152 805 3229 excerpta
825 3144 859 3208 in
880 3141 1006 3209 Justino
1028 3143 1116 3236 fere,

74 3243 141 3309 solo
172 3253 354 3330 supersunt.
408 3244 482 3309 Hoc
513 3266 589 3309 vero
621 3245 692 3331 ipso
724 3267 852 3311 omnem
884 3245 967 3312 hano
998 3269 1094 3334 quae·

75 3346 212 3411 stionem
233 3344 321 3409 haud
344 3368 457 3432 parum
479 3343 629 3431 impediri
651 3347 727 3411 satis
749 3370 861 3434 perse
884 3356 987 3433 patet;
1019 3371 1095 3414 nam

76 3448 101 3510 si
122 3449 285 3532 integrum
305 3447 496 3514 haberemus
519 3447 673 3532 Trogum,
695 3447 823 3514 facilius
845 3449 886 3516 do
908 3453 1096 3517 auctoritate

76 3548 143 3634 ejus
174 3571 213 3614 ac
240 3548 305 3613 fide
324 3549 457 3637 disquiri
479 3571 575 3636 posse
596 3551 666 3636 quis
695 3573 763 3616 non
783 3549 897 3616 videt?
952 3553 1095 3635 Accedit,

76 3649 161 3736 quod
181 3648 327 3716 Justinus
347 3661 514 3717 auctorum
534 3653 681 3736 nomina,
710 3675 791 3739 quos
813 3661 888 3716 ante
909 3653 1018 3718 oculos
1041 3654 1095 3718 ha-

76 3749 182 3817 buerit
204 3751 347 3838 Trogus,
380 3775 429 3826 ne,
450 3776 516 3819 uno
543 3753 675 3841 quidem
700 3753 770 3820 loco
798 3754 932 3820 addidit.
985 3753 1095 3818 Facile

78 3853 395 3940 autemrintelligunt,
419 3857 474 3944 qui
495 3856 548 3922 vel
572 3855 688 3922 leviter
700 3855 864 3922 lustinum
885 3859 1095 3945 inspexerint,

78 3953 190 4044 Pomp.
218 3955 380 4044 Trogum,
418 3959 564 4046 quamvis
594 3959 663 4045 ipse
690 3960 855 4026 Romanus
883 3969 983 4044 esset,
1017 3957 1095 4032 solit

858 4076 892 4130 38
