2920 5046
655 458 695 528 ll

95 702 98 708 .
162 647 276 737 populi
300 647 417 714 Graeci
441 671 522 736 opus
544 648 700 736 populare
722 648 841 714 factum
861 656 918 715 est.
973 647 1026 728 (cf.
1050 649 1189 738 Dionys.

162 751 237 821 Hal.
255 751 326 838 jud.
358 750 400 816 de
421 751 522 822 Thuc.
549 775 581 839 p.
605 747 684 837 8203
714 755 803 840 epist.
835 750 877 816 ad
898 751 957 816 On.
980 752 1090 839 Pomp.
1112 774 1189 839 pag.

162 850 226 921 767
249 860 311 942 sq.)
353 853 465 920 Multis
498 861 667 941 praeterea
701 851 971 944 digressionibus,
1006 875 1085 942 quas
1118 857 1189 942 ipse

162 955 219 1027 IV.
240 951 284 1023 30
309 955 500 1044 προσθήκας
528 965 560 1022 et
588 957 660 1026 VII.
686 955 746 1025 171
776 957 983 1044 παρενθήκας
1011 955 1188 1040 τοῦλόγου

162 1061 324 1141 nominat,
338 1061 527 1144 gravissima
557 1081 596 1124 ac
623 1061 807 1147 cognitione
830 1061 1020 1146 dignissima
1046 1060 1189 1126 omnium

162 1161 364 1249 populorum,
389 1183 468 1250 quos
484 1172 681 1250 cognoverat
696 1163 904 1250 omniumque
921 1171 1087 1246 terrerum,
1109 1183 1189 1250 ques

163 1273 400 1352 peragraverat,
421 1265 562 1330 tradidit.
607 1265 756 1352 (Dionys.
771 1265 847 1330 Hal.
871 1251 922 1354 ep.
947 1265 989 1332 ad
1004 1265 1063 1332 Gn.
1074 1265 1188 1352 Pomp.

161 1390 193 1456 p.
209 1363 270 1434 771
287 1374 348 1456 sq.)
383 1366 481 1432 Fides
504 1377 610 1433 autem
636 1376 667 1434 et
689 1369 807 1435 veritas
830 1367 899 1455 ejus
915 1389 1011 1453 saepe
1030 1369 1189 1433 immerito

162 1473 196 1536 in
226 1469 458 1536 dubitationem
491 1481 606 1537 vocata
640 1479 703 1555 est,
738 1493 815 1536 nam
842 1479 991 1536 accurate
1025 1473 1112 1536 inter
1141 1493 1189 1554 ea,

162 1593 246 1662 quae
279 1571 332 1638 vel
366 1575 435 1662 ipse
467 1573 547 1639 vidit
554 1622 563 1657 ,
599 1573 651 1640 vel
689 1574 829 1657 audivit,
868 1573 921 1638 vel
951 1596 1042 1639 suam
1063 1581 1189 1639 senteu-

161 1677 240 1740 tiam
271 1675 411 1762 addidit,
441 1667 642 1761 discordent,
671 1669 727 1770 (11.
751 1672 804 1760 99)
834 1686 952 1742 certam
980 1675 1074 1742 nobis
1095 1697 1185 1762 rogu-

161 1777 229 1842 lam
261 1779 331 1866 ipse
364 1777 510 1866 praebet,
555 1803 620 1869 qua
654 1781 811 1868 majorem
843 1789 898 1845 aut
928 1779 1085 1844 minorem
1116 1800 1190 1844 nar·

161 1882 323 1947 rationum
355 1881 453 1948 fidem
482 1883 660 1970 dijudicare
693 1885 869 1970 possimus;
902 1905 1000 1971 quam
1034 1883 1190 1948 rationem

161 1985 196 2048 in
215 1983 352 2050 historia
376 1985 546 2052 scribenda
567 1995 721 2074 sequutus
742 1987 792 2069 sit,
816 1985 908 2052 nobis
927 1985 1009 2068 loci,
1031 1993 1067 2050 ut
1091 1985 1116 2049 I.
1138 1979 1190 2053 60.

161 2082 281 2171 1145,
311 2082 383 2157 123.
436 2087 477 2154 V.
499 2085 552 2159 45.
596 2085 710 2172 ΙΠ.9,
738 2085 811 2157 115.
862 2083 1086 2170 litate,
1115 2080 1188 2168 105,

163 2184 238 2258 195,
277 2189 353 2255 VII.
375 2185 433 2273 91,
463 2185 525 2257 139
533 2239 541 2275 ,
562 2187 640 2275 152,
670 2187 743 2262 239.
788 2191 879 2261 v111.
902 2187 939 2270 8,
966 2185 1024 2273 73,
1052 2185 1115 2256 118
1136 2187 1190 2254 alii

163 2291 247 2358 clare
270 2291 423 2363 indicant.
461 2293 551 2360 Haec
564 2295 720 2360 hactenus
733 2295 774 2361 de
789 2296 889 2362 nostri
904 2295 1068 2384 scriptoris
1080 2300 1188 2358 aucto·

162 2396 269 2461 ritate:
302 2417 389 2462 nunc
420 2396 511 2463 nobis
551 2397 797 2486 dijudicandum
832 2406 896 2480 est,
930 2397 1017 2463 unde
1054 2393 1189 2462 Gelonis

161 2497 325 2564 historiam
347 2499 490 2566 hauserit
511 2500 565 2566 vel
587 2499 799 2588 cognoverit?
1231 2577 1234 2583 Ι

225 2601 412 2668 Secundum
433 2601 566 2668 Suidam
588 2627 613 2675 s.
628 2627 659 2673 v.
681 2605 812 2692 Hippys
826 2605 994 2690 Rheginos
1016 2601 1092 2668 belli
1113 2601 1189 2668 Per·

162 2705 221 2770 sici
240 2705 438 2794 temporibus
461 2706 580 2772 florens
598 2708 721 2796 primus
743 2717 799 2790 est,
822 2709 875 2795 qui
894 2707 1047 2773 historiae
1060 2703 1189 2770 Siculae

162 2807 297 2874 studuit:
328 2809 495 2878 Σικελικῶν
522 2811 747 2904 deplicamus
777 2818 809 2874 et
831 2803 975 2894 Χρονικαέ
1000 2806 1035 2876 ἐν
1056 2807 1190 2893 βιβλίοις

160 2915 257 2978 πέντε
273 2933 294 2977 a
309 2911 410 2978 Suida
433 2921 740 2996 commemorantum
765 2934 782 2977 e
804 2913 915 3000 paucis
938 2913 1007 3000 ejus
1028 2911 1189 2995 fragmen·

160 3014 202 3080 tis
232 3017 296 3103 (ap.
325 3013 452 3085 Miiller.
482 3015 589 3102 frgmt.
619 3017 693 3085 hist
724 3038 831 3102 graec.
852 3014 895 3080 Il.
925 3009 979 3098 13)
1008 3013 1110 3080 fusius
1137 3032 1189 3078 res

161 3115 290 3184 Siculas
309 3127 341 3184 et
361 3116 490 3184 Italicas
520 3119 553 3182 in
577 3118 735 3183 chronicis
758 3118 893 3184 traditas
920 3118 1021 3184 fuisse
1043 3114 1190 3200 intelligi·

161 3220 361 3304 mus,·adeo
383 3231 418 3287 ut
439 3220 611 3288 Muellerus
635 3221 724 3308 juste
748 3221 886 3304 dubitet,
909 3244 952 3287 an
973 3244 1040 3286 non
1062 3218 1190 3284 chroni-

161 3345 273 3388 eorum
296 3323 367 3390 libri
388 3327 531 3412 quinque
550 3323 648 3389 iidem
669 3325 732 3388 sint
753 3346 826 3389 cum
848 3325 929 3409 illis,
959 3323 1076 3412 quibus
1099 3343 1190 3408 sepa-

160 3427 255 3492 ratim
279 3425 409 3492 Siciliae
426 3427 590 3493 historiam
615 3435 646 3492 et
663 3424 861 3492 Graecarum
883 3429 918 3492 in
941 3427 1036 3492 Italia
1059 3425 1190 3491 urbium

161 3531 301 3617 origines
323 3539 536 3617 persequutus
559 3553 629 3596 esse
651 3530 787 3596 dicatur.
836 3529 903 3596 Sed
924 3529 964 3594 de
986 3539 1090 3596 aetate
1111 3527 1191 3615 Hip·

160 3634 235 3721 pyis
261 3641 388 3720 praeter
413 3631 546 3699 Suidam
573 3656 667 3699 nemo
697 3633 872 3722 quidquam
901 3633 1051 3699 tradidit:
1080 3640 1190 3698 tamen

161 3757 235 3802 eum
260 3733 394 3802 Gelonis
416 3760 467 3804 res
489 3759 555 3802 non
577 3737 742 3824 scripsisse
761 3737 831 3802 veri
853 3736 959 3802 simile
980 3743 1037 3805 est.
1085 3823 1088 3833 Ἢ

224 3839 278 3904 Ex
307 3837 379 3906 aliis
407 3842 462 3929 qui
490 3840 640 3908 dicuntur
667 3839 875 3928 logographis
907 3849 974 3907 tum
1003 3840 1066 3905 hac
1093 3841 1127 3904 in
1155 3861 1190 3906 re

161 3942 342 4012 Hecataeus
365 3952 396 4012 et
413 3943 602 4012 Hellanicus
623 3945 657 4010 in
681 3966 813 4012 censum
832 3945 975 4017 veniunt
1010 3943 1105 4026 Quod
1128 3943 1191 4030 pri-
1222 4003 1224 4015 ,
