2920 5046
643 437 687 511 43

170 629 429 716 imperaverat,
461 628 572 717 ephori
591 641 716 712 tamen,
749 638 874 696 mortuo
896 651 988 716 rege,
1021 628 1187 696 Cleomeni

170 753 212 796 ex
239 729 339 796 altera
365 755 468 798 uxore
487 743 580 817 nato,
611 756 707 822 quam
728 730 976 799 Anaxandridas
1003 731 1046 797 ob
1073 731 1187 798 sterili-

169 841 265 899 tatem
285 834 400 919 prioris
422 833 560 901 duxerat
585 835 619 900 in
643 835 897 917 matrimonium,
930 855 1068 920 regnum
1092 833 1187 900 tradi·

169 933 298 1000 derunt:
320 936 412 1001 inviti
434 937 572 1024 quidem,
596 940 715 1025 quippe
728 935 918 1004 Cleomenes
939 923 1038 1000 animi
1059 934 1187 1001 dotibus

168 1037 334 1119 minimus,
360 1047 440 1104 natu
462 1061 539 1105 vero
561 1042 720 1106 maximus
742 1047 841 1121 esset3
858 1039 934 1125 jure
955 1038 1052 1124 igitur
1074 1036 1187 1103 eoacti.

168 1137 306 1203 Derisus
333 1137 467 1224 indigne
493 1140 555 1206 hoe
575 1142 682 1210 ferens
712 1143 746 1205 in
768 1138 906 1227 Libyam
929 1140 1094 1224 migravit,
1130 1138 1188 1206 ubi

168 1240 210 1305 ad
232 1240 382 1328 Oinypha
403 1239 524 1308 flumen
547 1243 706 1311 coloniam
726 1241 865 1308 condere
885 1241 1003 1324 voluit,
1025 1245 1120 1328 (qnae
1141 1262 1189 1306 re

167 1343 220 1427 gio
243 1343 390 1409 omnibus
411 1354 542 1431 propter
561 1345 755 1412 fertilitatem
777 1352 854 1410 nota
872 1353 955 1409 erat:
977 1343 1098 1410 Herod.
1120 1341 1188 1426 1v.,

167 1440 334 1528 175,198.
362 1444 458 1515 Ovid.
491 1470 533 1513 ex
561 1448 664 1514 Ponto
686 1453 744 1530 11.,
771 1444 800 1526 l,
823 1441 878 1525 25)
902 1444 1021 1511 deinde
1041 1443 1188 1510 consulto

50 1636 55 1644 .
165 1545 330 1634 Apollinis
348 1547 500 1635 Delphioi
522 1549 653 1616 oraeulo
675 1551 710 1614 in
733 1548 874 1615 Siciliam
895 1546 1058 1635 profectus
1081 1555 1138 1616 eet.

231 1648 298 1715 Sed
324 1649 376 1715 hie
394 1649 514 1716 Dorieo
542 1651 671 1718 fortuna
699 1653 775 1716 item
803 1673 868 1717 non
894 1649 988 1716 favitz
1026 1649 1094 1715 sive
1122 1646 1188 1714 He*

165 1751 257 1817 raela
293 1762 451 1839 occupate
485 1755 607 1836 vietus,
643 1761 678 1818 ut
703 1752 801 1824 Diod.
823 1752 893 1834 IV,
914 1747 957 1818 23
984 1753 1054 1818 sive
1085 1750 1188 1838 primo

165 1851 289 1940 proelio
316 1863 459 1920 mortuus
487 1857 546 1936 sit,
564 1865 611 1921 -ut
632 1856 752 1925 Herod.
775 1850 889 1943 v.‚‚45
909 1854 996 1938 vult,
1031 1853 1095 1919 hoo
1117 1851 1189 1919 looo

165 1955 247 2021 nihil
266 1957 411 2041 interest,
432 1967 555 2024 certum
574 1957 705 2045 quidem
726 1967 784 2041 est,
806 1957 894 2022 hune
916 1955 1113 2022 Graecorum
1137 1977 1189 2021 eo·

166 2057 276 2122 loniae
295 2059 329 2124 in
339 2057 452 2125 Sicilia
466 2059 656 2126 condendae
671 2069 822 2126 conatum
836 2060 870 2124 in
884 2059 1010 2124 irritum
1024 2057 1189 2127 eeoidisse.

136 2157 243 2240 *Quo
277 2170 395 2226 eventu
431 2162 543 2228 confisi
576 2161 855 2248 Carthaginienses
889 2160 923 2226 id
956 2161 1117 2246 agebant,
1154 2168 1191 2254 ut

167 2259 311 2326 Graeoos
332 2285 391 2328 suo
411 2265 532 2350 impetu
555 2263 712 2350 paulatim
733 2285 776 2330 ex
795 2273 862 2331 tota
876 2263 990 2330 Sicilia
1009 2262 1115 2329 insula
1134 2261 1190 2327 de³

167 2361 335 2449 pellerent.
378 2365 460 2430 inde
480 2363 523 2430 ab
543 2366 606 2432 hoe
622 2376 769 2454 tempore
788 2367 856 2433 fere
882 2373 1037 2454 perpetuo
1067 2387 1190 2452 pugna·

167 2474 237 2530 tum
261 2475 429 2555 astatque
451 2476 486 2536 ut
507 2468 632 2535 videtur
652 2471 743 2536 varia
764 2470 904 2538 victoria
941 2459 1016 2534 Jam
1038 2467 1089 2534 his
1114 2478 1191 2534 tem-⁴

167 2567 300 2654 poribus
323 2576 490 2657 tantopere
501 2570 602 2638 Siculi
624 2570 720 2637 rebus
741 2571 887 2637 adversis
901 2569 1015 2636 afflicti
1034 2570 1077 2658 ad
1093 2568 1191 2635 Grae·

168 2692 223 2736 eos
246 2671 458 2758 confugerunt
486 2673 528 2738 ab
551 2676 656 2762 iisque
684 2673 807 2739 auxilia
828 2674 1019 2760 petiverunt.
1072 2671 1192 2739 Justini

168 2773 303 2862 quidem
316 2771 416 2840 verba
429 2773 493 2858 „ad
500 2774 681 2842 Leonidam
696 2776 828 2842 nauem
840 2776 925 2862 regis
940 2774 1192 2862 spartanorum

77 2955 82 2962 Ι
167 2883 256 2942 reeta
289 2897 361 2942 esse
392 2899 459 2942 non
489 2888 631 2965 possunt
690 2878 838 2944 Holmius
869 2879 968 2964 igitur
996 2900 1029 2964 p.
1051 2871 1116 2943 410
1146 2874 1193 2942 ait

168 2977 379 3064 „Allerdings
403 2979 527 3046 konnte
547 2981 710 3048 Leonidas
732 2979 791 3046 auf
808 2979 872 3046 den
894 2977 1077 3047 Gedanken
1100 2977 1192 3044 lrom·

167 3102 258 3163 men,
291 3080 355 3146 den
377 3081 449 3148 Tod
471 3084 574 3148 seines
595 3083 737 3150 Bruders
758 3107 799 3149 au
822 3083 955 3162 nachon,
987 3081 1071 3147 doeh
1093 3081 1135 3146 ist
1158 3102 1193 3146 es
1302 3115 1307 3118 ·

168 3183 321 3268 moglieh,
343 3184 419 3252 dass
440 3185 511 3250 hier
525 3187 669 3251 nureine
683 3185 938 3270 Verweehslung
959 3183 1016 3249 des
1028 3181 1193 3249 Leonidas

168 3285 229 3350 mit
247 3284 386 3352 Dorieus
409 3287 573 3373 vorliegt“
607 3287 676 3352 Alii
696 3287 758 3353 hoo
779 3296 902 3375 putant,
925 3286 1092 3369 Berisum,
1114 3284 1194 3351 Leo·

168 3386 268 3453 nidae
288 3390 373 3475 regis
395 3387 627 3476 Spartanorum
648 3387 797 3473 irenem,
837 3392 891 3478 qui
912 3389 968 3455 illo
990 3399 1136 3476 tempore
1159 3388 1194 3452 in

169 3487 285 3554 Sicilia
307 3489 429 3556 bellum
458 3493 594 3577 gesserit
601 3538 611 3574 ,
645 3492 826 3579 significari.
876 3492 983 3572 Quare
1012 3489 1194 3557 Guteehmi-

169 3592 242 3659 dius
269 3595 408 3680 eonjeoit
430 3594 496 3678 „ad
523 3594 688 3662 Leonidae
714 3595 883 3678 fratrem“;
915 3594 985 3661 sed·
1004 3593 1085 3659 haeo
1119 3613 1194 3658 eon-

163 3698 293 3785 jeetura
320 3695 408 3762 mala
436 3695 607 3763 verborum
629 3705 787 3762 structura
811 3706 947 3763 vetatur.
1001 3695 1068 3762 Noe
1086 3704 1195 3762 autem

167 3799 297 3866 Justino
330 3800 408 3887 ipsi,
443 3801 497 3887 qui
534 3799 638 3866 multa
673 3821 739 3865 uno
779 3799 840 3865 hoo
880 3800 984 3887 eapite
1022 3798 1195 3884 excerpsit,

169 3903 233 3969 hoo
255 3911 442 3970 convertere
463 3901 737 3972 nondubitamus
758 3903 792 3968 in
814 3900 959 3989 eulpam,
981 3909 1013 3968 et
1033 3899 1137 3988 primo
1158 3899 1193 3964 in
1330 3963 1332 3965 ,
