2920 5046
770 465 812 541 12

276 675 364 720 mum
385 657 427 724 ad
451 659 651 728 Hecataeum
673 661 801 743 attinet,
833 661 984 730 historias
1005 664 1075 730 sive
1096 666 1305 752 genealogias

276 766 309 824 et
343 767 499 831 terrarum
533 763 620 830 orbis
654 760 903 852 descriptionem
933 769 1121 867 cpmposuit.
1175 767 1304 834 Primus

276 865 421 930 omnium
449 876 552 934 totum
580 864 691 932 orbem
720 865 844 932 indua
868 872 960 955 paria
990 869 1122 936 dimidia
1153 870 1306 938 divisisse

275 964 440 1055 Europam
471 980 503 1038 et
540 969 647 1035 Asiam
683 990 755 1033 cum
789 969 896 1058 Libya
930 970 1075 1056 videtur;
1111 971 1305 1056 Herodotus,

277 1089 475 1159 quamquam
507 1072 617 1140 orbem
647 1073 681 1137 in
713 1071 793 1138 duas
819 1082 926 1160 partes
954 1083 1040 1140 recte
1071 1073 1210 1141 divisum
1235 1095 1305 1140 esse

276 1169 368 1255 dicit,
400 1183 510 1242 tamen
539 1176 704 1261 Europam
733 1174 830 1241 latius
859 1185 969 1263 patere
1003 1178 1037 1241 in
1072 1179 1305 1264 septentriones

277 1284 393 1346 censet.
440 1278 521 1364 (lV‚,
544 1275 608 1360 42).
660 1267 887 1344 Dablmaunus
917 1279 1012 1364 igitur
1042 1303 1140 1368 quum
1171 1303 1213 1345 ex
1242 1278 1305 1345 boc

275 1387 344 1444 tum
367 1402 409 1446 ex
432 1379 502 1448 aliis
525 1381 614 1464 locis,
636 1379 723 1462 utI,
745 1375 818 1447 201.
855 1380 909 1464 11,
923 1377 976 1463 ⁸21,
999 1375 1052 1450 23.
1095 1380 1163 1466 1v.,
1177 1377 1230 1466 20,
1251 1376 1304 1465 36,

277 1482 345 1568 vi,
367 1479 446 1568 137,
472 1485 527 1550 ubi
556 1485 746 1572 plerumque
776 1483 960 1550 Herodotus
994 1483 1087 1549 illum
1117 1483 1198 1550 falso
1224 1506 1304 1550 non·

274 1585 438 1653 nullarum
457 1589 626 1676 regionum
649 1586 838 1673 exposuisse
853 1587 947 1652 situm
964 1586 1093 1652 efficere
1116 1586 1195 1671 vult,
1218 1587 1304 1652 bunc

275 1698 400 1757 tantum
421 1713 495 1757 raro
515 1713 557 1756 ex
577 1689 664 1754 illius
686 1689 838 1775 operibus
863 1711 935 1754 cum
959 1689 1024 1755 fide
1046 1690 1192 1755 hausisse
1215 1689 1305 1756 colli·

275 1794 329 1879 git.
372 1793 475 1859 Nobis
506 1793 636 1882 quidem
665 1791 723 1857 ille
748 1792 799 1856 vir
826 1791 939 1859 doctus
969 1817 1035 1858 non
1056 1794 1215 1881 persuasit
1244 1792 1305 1860 hac

275 1897 309 1960 in
346 1919 396 1961 re:
435 1906 547 1962 contra
581 1894 803 1961 contendimus
838 1895 1040 1962 Herodotum
1075 1894 1162 1960 illius
1204 1895 1304 1960 literis

276 2000 404 2086 saepius
433 2008 465 2065 et
493 2000 527 2064 in
553 2008 709 2064 terramm
735 1995 946 2084 descriptione
978 2007 1010 2064 et
1027 1997 1111 2063 ¹aliis
1143 1999 1176 2062 in
1209 1996 1305 2064 rebus

276 2123 371 2167 usum
394 2124 475 2185 esse,
498 2111 530 2166 et
553 2099 632 2167 solis
651 2102 701 2167 bis
724 2101 804 2166 locis
821 2099 982 2166 diversam
1006 2101 1092 2166 illius
1114 2102 1304 2172 sententiam

277 2226 471 2270 memorasse
499 2204 629 2294 quando
657 2206 727 2292 ipse
751 2201 866 2268 melius
897 2213 1030 2292 propter
1056 2202 1156 2290 longa
1190 2205 1306 2270 itinera

276 2308 393 2374 certior
414 2307 517 2374 factus
540 2310 598 2392 sit,
628 2307 681 2373 vel
703 2308 732 2371 ei
754 2307 928 2372 auctoritas
952 2316 1048 2395 atque
1072 2308 1305 2393 argumentatio
1370 2361 1373 2370 ,

276 2411 381 2476 minus
403 2409 589 2500 probabiles
609 2409 791 2476 videantur.
846 2407 942 2490 Quod
970 2432 1030 2474 nos
1052 2409 1148 2476 docet
1168 2410 1303 2475 Hermo·

235 2591 237 2596 Ι
276 2534 375 2600 genes
405 2513 446 2616 'de
473 2534 581 2599 gener.
605 2513 667 2585 dic.
690 2511 752 2595 ΙΙ.,
781 2507 823 2578 12
845 2506 1004 2594 Ἑκαταῖος
1030 2511 1069 2578 δὲ
1091 2508 1108 2576 ὅ
1133 2513 1302 2599 Μιλήσιος,

275 2639 344 2703 παρ
372 2614 420 2683 ’ori
454 2614 495 2704 δὴ
525 2613 662 2700 μάλιστα
692 2611 851 2704 ὠφέληται
880 2611 898 2679 ὅ
926 2613 1122 2699 Ἡρόδοτος,
1158 2611 1305 2698 καθαρός

275 2715 496 2804 parissimi
517 2717 629 2808 σαφής,
667 2719 721 2785 Sic
742 2718 784 2784 ad
800 2718 954 2784 Hecataei
976 2717 1076 2784 verba
1099 2717 1140 2784 de
1156 2716 1304 2784 Ohemmi

275 2822 382 2889 insula
404 2822 522 2909 (frgmt.
544 2817 620 2904 284)
644 2825 787 2909 respexit
806 2821 990 2887 Herodotus
1013 2820 1068 2902 (II.
1093 2815 1179 2902 156),
1206 2841 1304 2907 quam

276 2928 491 2993 narrationem
507 2925 689 2992 introduxit
705 2949 764 3012 per
778 2926 898 3008 λέγεται
911 2919 1160 3006 ὑαἈίγυπτίων.
1183 2920 1303 3004 Quam·

275 3051 372 3118 quam
396 3051 462 3094 non
484 3028 698 3094 dubitandum
719 3038 777 3110 est,
798 3030 877 3116 quin
899 3029 969 3115 ipse
992 3027 1088 3092 etiam
1111 3026 1192 3090 haec
1215 3024 1303 3090 audi·

277 3134 375 3216 verit,
404 3133 439 3196 in
468 3129 680 3198 describendo
705 3142 809 3196 autem
841 3132 956 3196 itinere
978 3129 1103 3216 seriptis
1131 3130 1177 3193 uti
1199 3127 1303 3194 Heca·

275 3234 338 3301 taei
359 3233 598 3299 narrationibus
619 3234 821 3299 commodum
853 3235 882 3299 ei
902 3233 1009 3298 visum
1028 3241 1084 3296 est.
1132 3231 1305 3297 Praeterea

275 3337 376 3404 verba
404 3335 461 3401 illa
488 3338 520 3401 in
547 3335 691 3402 Oramcri
720 3336 895 3402 Anecdotis
926 3335 963 3415 (Ι.
985 3330 1062 3418 787)
1092 3342 1304 3421 μεμετρέαται

275 3436 365 3526 παρὰ
393 3442 439 3527 aqi
457 3431 626 3525 Ἑκαταίῳ·
650 3432 667 3504 ὁ
688 3445 747 3523 μέν
768 3462 827 3506 ναν
849 3436 1026 3522 Βόσπορος
1056 3439 1109 3504 καὶ
1135 3435 1154 3502 d
1176 3434 1304 3509 Πόντος

274 3535 357 3608 οὕτω
379 3544 432 3626 καὶ
452 3534 686 3629 Ἑλλήσποντος
708 3536 788 3609 κατὰ
805 3533 905 3624 ταῦτα
923 3565 980 3624 μοι
996 3547 1215 3627 μεμετρέαται,
1237 3538 1304 3604 fere

273 3638 414 3713 totidem,
430 3645 632 3710 inveniemus
653 3644 740 3733 apud
755 3645 877 3714 Herod.
891 3643 948 3716 IV.
962 3639 1018 3729 863
1041 3642 1083 3709 ad
1105 3644 1186 3709 haec
1207 3643 1303 3708 etiam

275 3747 423 3814 conferre
452 3747 528 3836 licet
553 3747 676 3816 Herod.
699 3747 759 3819 111.
782 3744 824 3815 64
850 3770 923 3814 cum
951 3747 1066 3818 Hecat.
1094 3745 1202 3833 frgmt.
1223 3741 1302 3826 3603

273 3849 395 3920 Herod
417 3850 476 3919 111.
497 3845 539 3917 38
560 3873 633 3917 cum
650 3850 764 3918 Hecat.
789 3851 896 3938 frgmt.
916 3835 977 3918 117
1001 3851 1075 3916 alia.
1114 3849 1167 3915 lix
1190 3847 1303 3914 eodem

274 3951 435 4020 Hecataeo
476 3955 669 4042 posteriores
710 3955 880 4042 scriptores
920 3954 1109 4040 Damastes,
1146 3953 1302 4036 Avienus,
