2920 5046
793 465 836 540 28

239 618 241 624 ’
300 658 376 729 uu
394 659 444 744 u,
466 655 530 728 426
552 660 738 744 sunum)
770 661 823 728 ss
845 662 914 748 ojus
937 659 1123 746 fragmentis
1143 665 1206 746 (ap.
1229 657 1325 724 coer·
1446 653 1447 720 ὲ

301 761 413 842 lerum,
433 763 474 828 de
494 767 557 830 situ
580 773 613 828 et
634 765 712 852 orig.
736 765 886 853 Syracus.
911 789 941 851 p.
958 759 1020 831 101
1045 785 1093 850 sq.
1118 771 1151 828 et
1174 760 1324 830 Mueller.
1446 773 1447 788 ¹

297 863 322 930 f.
343 865 375 930 h.
398 888 447 952 gr.
467 865 504 949 1.,
525 862 600 948 185)
635 867 795 932 decimum
826 868 997 954 septimum
1029 866 1071 930 ad
1105 865 1238 932 Gelonis
1271 886 1325 930 res

299 977 406 1052 gestas
428 971 575 1055 pertinet,
598 969 654 1034 ubi
677 969 731 1034 hic
748 969 954 1036 Camerinam
969 969 1083 1034 urbem
1099 969 1252 1034 evertisse
1274 966 1324 1032 di·
1446 985 1447 1052 1

301 1071 392 1139 citur.
441 1069 550 1152 Quum
583 1083 688 1144 autem
723 1073 785 1138 hoc
808 1095 826 1138 e
846 1071 972 1138 Philisti
1004 1071 1190 1157 fragmentis
1221 1093 1325 1136 unum

301 1173 358 1255 sit,
388 1172 475 1260 quod
504 1173 547 1239 ad
569 1174 725 1241 Gelonem
755 1176 909 1262 pertinet,
942 1173 1000 1239 sed
1031 1171 1119 1260 apud
1142 1173 1324 1257 Timaeum,
1446 1181 1447 1248 t

300 1277 357 1362 qui
377 1274 464 1354 idem
487 1279 647 1343 enarravit
662 1277 759 1364 (conf.
774 1278 890 1364 fragm.
905 1273 957 1359 91,
973 1281 1005 1358 a)
1028 1275 1124 1363 plura
1144 1275 1326 1363 fragmenta

300 1379 558 1446 inveniantur'e't
576 1380 641 1446 alia
665 1402 762 1446 eausa
791 1379 982 1464 gravissima
1010 1379 1160 1460 accedat,
1194 1379 1256 1444 hae
1287 1381 1323 1444 in

300 1481 407 1568 operis
446 1491 539 1570 parte
568 1483 748 1550 Philistum
784 1483 899 1548 ducem
941 1491 1111 1570 sequutum
1149 1505 1216 1547 non
1251 1503 1324 1547 esse

300 1581 482 1650 Diodorum
512 1608 701 1674 persuasum
729 1584 842 1654 habeo.
896 1586 1008 1651 Restat
1037 1586 1135 1672 igitur
1167 1582 1324 1650 Timaeus

300 1685 387 1752 solus
417 1697 448 1754 et
478 1710 520 1752 ex
548 1690 617 1776 ejus
646 1689 834 1775 fragmentis
862 1688 904 1754 ad
927 1688 1062 1755 Gelonis
1091 1686 1256 1754 historiam
1284 1709 1325 1754 ea

301 1811 385 1876 quae
411 1789 470 1855 sub
497 1813 585 1861 num.
607 1787 659 1875 56,
677 1787 728 1872 84,
752 1786 831 1874 841,
846 1787 899 1875 85,
915 1786 972 1872 86,
994 1787 1045 1874 87,
1068 1783 1121 1870 89,
1140 1783 1284 1867 tutta
1303 1812 1324 1854 a

300 1891 465 1968 Muellero'
482 1893 668 1972 afferuntur,
691 1895 872 1983 pertinent,
896 1916 1033 1982 quorum
1050 1888 1104 1978 56,
1124 1887 1201 1970 841,
1225 1887 1268 1960 85
1286 1893 1323 1958 in

300 1993 437 2060 Diodori
458 1995 574 2062 librum
592 1995 752 2062 decimum
776 2000 832 2084 qui
854 1999 949 2084 periit
969 1995 1137 2062 referenda
1159 2005 1240 2062 sunt
1265 2021 1266 2028 ¹

363 2097 594 2183 Fragmentum
615 2096 685 2168 842
708 2100 796 2188 apud
817 2099 925 2169 Tzetz.
938 2097 1078 2165 Ohiliad.
1096 2097 1165 2182 IV,
1186 2094 1250 2166 266
1272 2121 1322 2185 sq.

299 2211 524 2293 conservatum
555 2211 612 2268 est.
667 2203 719 2267 Ibi
752 2201 992 2269 narratiuncula
1027 2201 1084 2268 illa
1116 2200 1234 2267 tradita
1262 2212 1322 2284 est,

299 2301 423 2384 Geloni,
449 2327 548 2391 quum
566 2306 635 2392 ipse
658 2305 764 2371 adhuc
786 2328 866 2394 puer
880 2304 1053 2394 aliquando
1073 2307 1106 2370 in
1128 2305 1196 2371 ludi
1216 2304 1323 2370 litera·

298 2407 338 2470 rii
363 2406 522 2472 vestibulo
553 2429 652 2473 manu
681 2408 828 2474 libellum
851 2411 991 2475 retinens
1020 2407 1170 2485 sedisset,
1207 2407 1322 2494 lupum

298 2507 507 2575 accedentem
524 2509 667 2578 tabulam
683 2511 724 2578 de
737 2511 885 2578 manibus
899 2520 1024 2599 raptam
1038 2509 1220 2578 abstulisse.
1248 2509 1323 2576 Hoc

298 2620 405 2676 autem
426 2623 613 2680 accurrente
633 2616 677 2682 ad
697 2618 804 2703 ipsum
824 2613 938 2702 lupum
960 2622 992 2678 et
1012 2613 1164 2698 tabulam,
1186 2635 1326 2680 commo·

298 2723 363 2781 tam
385 2714 527 2782 scholam
545 2717 698 2785 fundidus
720 2719 876 2784 corruisse
904 2699 1134 2804 universosque
1155 2716 1248 2782 illum
1271 2739 1324 2784 ca·

298 2839 370 2882 sum
391 2818 546 2886 occidisse
566 2799 684 2908 pueros
707 2824 874 2908 cum'ipso
900 2820 969 2886 ludi
987 2829 1210 2907 praeceptore:
1246 2841 1325 2906 pne-

297 2943 406 2987 rorum
429 2932 549 2998 ,autem
591 2946 745 2990 numerus
783 2923 856 3011 plns
892 2931 1020 2988 centum
1062 2922 1160 2988 fuisse
1195 2921 1323 2991 dicitur.

299 3023 482 3104 (Simillima
503 3025 615 3092 fabula
634 3026 721 3114 apud
741 3025 861 3093 Herod.
884 3026 953 3110 VL,
973 3021 1015 3094 27
1039 3026 1224 3107 invenitur).
1268 3023 1324 3089 Ti·

297 3149 420 3206 maeus,
452 3127 640 3216 Dionysius,
673 3128 853 3212 Diodorus,
888 3128 953 3195 Dio
986 3128 1066 3195 haec
1101 3136 1322 3198 narraverunt.

298 3229 462 3295 Diodorus
494 3253 570 3297 vero
602 3233 680 3319 quin
716 3231 800 3297 hanc
833 3231 1089 3300 narratiunculam
1124 3254 1141 3296 e
1177 3230 1322 3316 Timaea,

299 3353 394 3418 quem
427 3341 463 3398 ut
497 3335 603 3399 statim
633 3333 922 3402 demonstrabimus
950 3334 1096 3402 omnibns
1122 3335 1163 3400 in.
1189 3333 1323 3421 reliquis

299 3443 453 3521 sequutus
482 3445 548 3520 est,
579 3437 721 3503 hauserit
746 3437 957 3505 dubitandum
985 3461 1052 3505 non
1088 3447 1145 3504 est.
1199 3436 1323 3504 Omnes

298 3536 394 3625 hujus
426 3539 514 3606 modi
542 3539 688 3625 fabulae,
720 3551 755 3607 ut
781 3540 838 3606 illa
865 3541 906 3607 de
935 3541 1065 3607 Gelonis
1096 3562 1176 3606 cane
1204 3540 1323 3606 tradita

298 3641 385 3728 apud
412 3641 494 3713 Plin.
523 3642 563 3709 N.
585 3642 743 3726 H.v111.,
774 3640 832 3727 615
862 3643 933 3710 Ael.
963 3644 1005 3710 Η.
1028 3644 1068 3710 A.
1091 3637 1242 3727 V1.,62;
1279 3641 1321 3711 V.

298 3744 341 3809 H.
362 3751 398 3829 I.,
421 3740 473 3830 12,
507 3748 652 3834 quitum
684 3745 904 3812 incredibilem
926 3769 1003 3834 erga
1025 3746 1193 3813 dominum
1226 3767 1321 3810 suum

298 3845 486 3915 fidelitatem
508 3851 659 3934 servavit,
682 3860 717 3916 ut
737 3871 780 3936 ne
801 3871 821 3914 a
844 3858 968 3917 mortuo
994 3849 1127 3938 quidem
1151 3846 1320 3931 defecerit,

283 3971 411 4026 -uerum
450 3953 485 4018 in
523 3951 594 4028 heri
632 3947 748 4040 rogum
780 3951 864 4020 saltu
897 3975 933 4022 se
976 3953 1150 4043 conjecerit
1189 3972 1319 4038 unaque
