2920 5046
597 518 638 590 19

103 733 138 799 p.
157 705 232 795 297,
254 707 297 781 ΙΙ.
310 705 385 791 629)
397 707 608 788 intellexerat,
629 709 756 777 aFabii
769 709 1131 800 annalihim'desorlpsit.

104 814 213 894 Quem
234 821 389 902 sequutus
418 811 531 878 urbem
559 812 719 878 conditam
746 814 779 877 in
802 811 982 898 01.v111.‚
1014 813 1034 882 1
1057 837 1132 882 eon·

103 916 189 1001 tulit,
223 917 281 983 'sed
303 938 424 984 annum
456 914 652 1002 reipublicae
676 916 814 1003 primum
848 937 915 981 non
946 917 981 982 in
1012 941 1132 986 annum

103 1019 149 1086 ab
162 1019 225 1086 hoo
234 1019 490 1086 ducentesimum
498 1017 778 1105 quadragesimum
787 1019 868 1101 (sive
877 1018 1089 1090 01.va111.
1097 1023 1132 1110 1)
1200 1061 1202 1067 s

103 1132 144 1188 ut
165 1123 305 1189 Fabium
321 1129 480 1218 [sequutus
502 1127 551 1186 est
572 1120 728 1209 Polybius
752 1121 839 1206 (Ill,
859 1117 914 1204 22)
936 1123 991 1190 ubi
1011 1126 1132 1212 primos

104 1225 258 1292 consules
283 1225 420 1291 Brutum
444 1233 477 1290 et
497 1223 667 1290 Horatium
695 1225 788 1290 annis
816 1226 931 1310 viginti
961 1237 1032 1294 oeto
1059 1237 1134 1296 ante

104 1329 228 1396 Xerxis
249 1330 285 1392 in
306 1326 479 1393 Graeciam
501 1326 738 1414 expeditionem
760 1327 825 1410 (Ol.
849 1325 901 1412 75,
924 1315 965 1415 11
979 1351 1056 1417 ergo
1079 1331 1133 1402 01.

104 1431 272 1514 LXVIII„
294 1427 314 1498 1
333 1432 439 1518 ponit,
463 1452 526 1517 quo
546 1430 641 1496 modo
665 1454 786 1496 annum
807 1431 1006 1518 reipublicae
1029 1443 1134 1504 oente-
1224 1425 1226 1438 ’

105 1536 226 1600 simum
260 1535 447 1601 vicesimum
483 1535 640 1620 primum,
678 1557 742 1621 quo
778 1533 821 1600 ad
856 1534 976 1600 Alliam
1012 1535 1134 1604 flumen

105 1646 289 1726 pugnatum
310 1635 376 1720 (Ol.
399 1634 563 1713 XCVIII„
587 1632 619 1716 1)
639 1639 801 1723 positurus
823 1638 899 1722 fuit,
926 1637 983 1704 sed
1003 1639 1133 1724 regibus

108 1764 212 1807 annos
241 1739 397 1806 ducentos
427 1739 640 1827 quadraginta
662 1749 800 1827 quatuor
819 1741 946 1824 tribuit,
979 1751 1011 1809 et
1030 1745 1135 1830 reipu-

108 1843 217 1910 blicae
241 1866 361 1908 annum
384 1845 525 1930 primum
547 1843 657 1930 posuit
678 1843 731 1914 Ol.
753 1843 887 1928 LXIX„
909 1842 947 1928 1,
977 1846 1064 1934 quod
1093 1869 1134 1916 ex

109 1969 150 2012 eo
171 1945 354 2032 colligatum
372 1945 461 2034 quod
482 1945 626 2033 ejusdem
648 1968 768 2011 annum
779 1949 967 2014 vicesimum
985 1959 1134 2038 quartum

108 2048 164 2120 Ol.
186 2047 336 2133 LXXV„
358 2045 378 2115 1
400 2049 518 2136 posuit.
562 2048 672 2130 (Diod.
691 2049 769 2132 XL,
791 2047 824 2132 1)
848 2051 931 2124 conf.
945 2051 1134 2119 Mommsen.

108 2151 265 2219 Chronol.
287 2151 399 2222 Rom.²
421 2175 452 2239 p.
474 2146 537 2219 125
551 2174 598 2239 sq.
614 2151 733 2222 Krebs.
757 2150 910 2221 lectiones
923 2153 1021 2226 Diod.
1035 2179 1067 2244 p.
1081 2152 1133 2226 83.

176 2255 242 2322 Sed
263 2254 400 2322 Diodori
425 2253 635 2341 chronologia
663 2249 730 2320 non
748 2255 864 2336 solum
892 2259 926 2323 in
953 2258 1051 2324 rebus
1073 2258 1136 2325 Ro-

107 2355 233 2444 manis,v
269 2357 326 2425 sed
354 2360 451 2424 etiam
479 2359 513 2422 in
542 2359 655 2424 esteris
685 2381 781 2446 saepe
808 2360 942 2426 confusa
967 2369 999 2427 et
1020 2362 1136 2427 vitiosa
1211 2344 1214 2352 ’

107 2473 168 2532 est,
218 2462 302 2528 Nam
329 2484 436 2527 rerum
466 2463 560 2526 etiam
587 2463 614 2527 si
646 2463 716 2549 jam
744 2463 864 2529 diutius
891 2473 1135 2551 praecesserunt

107 2589 146 2632 eo
170 2566 300 2632 demum
321 2587 407 2630 anno
429 2566 584 2647 meminit,
603 2586 667 2652 quo
689 2566 794 2631 exitus
818 2569 933 2639 evenit.
948 2567 1032 2639 conf.
1048 2567 1135 2633 Olin-

106 2681 177 2737 ton.
200 2669 287 2738 Fast.
307 2667 393 2734 Hell.
417 2669 475 2734 11³.
488 2691 521 2756 p.
533 2691 592 2732 xm
614 2667 800 2749 „Diodorus
821 2669 1005 2758 frequently
1025 2671 1134 2759 places

106 2775 164 2839 the
186 2779 461 2838 commenoement
482 2771 519 2836 of
535 2795 556 2837 a
578 2773 776 2858 transaction
795 2772 899 2838 under
922 2775 982 2840 ¹the
1002 2796 1081 2862 year
1103 2774 1140 2840 of

105 2878 179 2943 that
200 2874 337 2960 aroh0n‚‘
350 2877 384 2940 in
406 2875 515 2940 whose
533 2877 611 2940 time
631 2876 657 2940 it
679 2899 744 2941 was
765 2875 977 2963 completed.“
1022 2876 1135 2957 (Plass.

105 2981 186 3067 Tyr.
209 2977 384 3048 (1111111.
410 3001 442 3066 p.
464 2972 545 3061 213,
565 2973 638 3061 219,
660 2987 783 3049 annott.
806 2979 848 3045 ad
868 3002 900 3066 p.
924 2974 1135 3064 347—350).

104 3083 146 3149 In
169 3083 219 3148 his
241 3081 377 3170 aliisque
402 3090 469 3147 tam
491 3082 643 3167 gravibus
665 3084 751 3149 vitiis
775 3082 913 3148 Diodori
941 3081 1137 3148 bibliotheca

105 3186 242 3253 historia
253 3186 426 3272 praecipue
448 3193 578 3272 propter
590 3185 719 3252 Siciliae
729 3186 903 3270 historiam,
931 3206 1026 3274 quam
1048 3181 1137 3252 'solus

107 3290 329 3356 continentem
345 3287 477 3354 tradidit
495 3296 526 3354 et
545 3290 580 3353 in
601 3311 665 3376 qua
676 3289 841 3355 Diodorus
852 3291 985 3378 majoris
992 3290 1068 3356 fidei
1080 3299 1138 3370 est,

106 3415 209 3482 quam
230 3394 264 3457 in
286 3391 434 3479 reliquis,
467 3413 534 3456 non
555 3393 679 3457 minimi
701 3395 796 3479 pretii
819 3392 913 3459 nobis
935 3402 991 3464 est.
1042 3383 1137 3459 Uonf.
1235 3407 1243 3417 '

110 3497 256 3562 Clinton.
278 3495 365 3560 Fast
383 3494 471 3565 Hell.
494 3496 529 3559 in
549 3517 625 3582 app.
649 3495 830 3581 „Diodorus
851 3497 878 3561 is
890 3495 1021 3562 entitled
1035 3495 1139 3561 better

107 3599 213 3667 eredit
234 3621 324 3687 upon
346 3596 479 3664 Sicilian
500 3596 640 3685 history,
669 3599 746 3664 than
771 3621 861 3686 upon
883 3599 975 3664 other
993 3607 1082 3686 parts
1104 3598 1141 3664 of

107 3707 160 3770 his
186 3701 343 3790 subjecta
385 3700 684 3787 Inousandaigitur
705 3703 808 3768 estin
830 3701 892 3766 hoo
921 3701 1051 3768 fortuna
1072 3725 1139 3767 non

108 3808 220 3872 minus
248 3805 394 3871 Diodoro
423 3805 535 3892 iniqua
560 3827 658 3893 quam
684 3805 819 3892 Polybio
846 3827 886 3871 ae
910 3803 1023 3889 Livio,
1051 3803 1139 3892 quod

106 3912 140 3976 ei
161 3907 253 3994 libri,
284 3931 420 3997 quorum
441 3909 585 3976 maxima
613 3918 682 3976 erat
702 3918 735 3974 et
757 3909 932 3976 auotoritas
959 3917 1057 3997 atque
1079 3909 1139 3985 uti-

107 4015 184 4082 litas
205 4023 387 4101 temporum
416 4035 587 4101 rarumque
608 4015 765 4100 gravitate
798 4022 830 4079 et
851 4011 1006 4100 dignitate
1033 4011 1139 4080 interi-

902 4116 935 4171 2*
