2920 5046
728 448 906 537 46„

303 639 471 722 Quoniam·
485 639 589 706 fontes
612 647 779 706 auctorum
785 687 794 722 ,
819 641 873 728 qui
894 641 987 706 nobis
1005 641 1144 707 Gelonis
1165 641 1264 708 histo·

237 744 317 809 riam
351 743 566 808 continentem
601 741 800 808 tradiderunt
835 763 1010 830 eorumque
1043 745 1263 809 auctoritatem

237 845 482 933 perspeximus,
507 853 622 926 restat,
649 852 821 931 antequam
848 844 1022 910 nonnullas
1046 867 1101 910 res
1126 845 1263 910 Gelonis

105 987 107 994 s
238 947 417 1016 accuratius
434 954 625 1029 tractemus,
654 944 737 1010 illud
758 945 843 1012 Plut.
866 945 1042 1013 vit..Marc.
1066 946 1186 1014 Coriol.
1208 943 1261 1028 16,

237 1049 295 1115 ubi
314 1048 436 1113 dictum
469 1045 527 1130 „dr
552 1047 655 1136 τούτῳ
682 1045 718 1114 δὲ
747 1056 834 1121 σῖτος
859 1033 935 1135 ἧκεν
956 1049 1000 1122 εἰς
1020 1044 1141 1137 Ῥώμην
1160 1043 1263 1122 uoltis

236 1151 297 1236 μὲν
318 1144 440 1238 ὠνητὸς
461 1147 496 1224 ἐξ
512 1145 655 1231 Ἰταλίας,
674 1147 730 1216 οὐκ
750 1147 892 1218 maron
911 1153 950 1216 dc
970 1145 1115 1238 δωρητὸς
1144 1148 1180 1216 ἐκ
1200 1154 1263 1216 Συ·

127 1257 134 1270 ’
238 1248 401 1340 panonicos
413 1247 557 1324 Γελώνος
578 1254 636 1318 τοῦ
656 1254 815 1340 τύραννον
835 1257 1045 1340 πέμψαντοξῑ
1068 1251 1155 1340 quod
1175 1274 1262 1318 oom-

151 1361 156 1367 ’
237 1376 390 1442 paramus
413 1374 487 1420 cum
509 1353 646 1442 Dionys.
670 1355 745 1426 Hal.
768 1353 854 1436 VIL,
877 1353 907 1437 1,
931 1351 984 1422 20.
1026 1354 1097 1425 Liv.
1120 1355 1181 1439 IL,
1207 1351 1261 1422 34.

237 1455 376 1522 Romani
421 1457 506 1521 enim
540 1465 673 1544 propter
715 1479 865 1522 annonae
897 1456 1065 1522 'caritatem
1098 1457 1136 1522 P.
1164 1456 1263 1522 Vale·

238 1561 321 1624 rium
346 1567 378 1625 et
405 1558 444 1626 L.
468 1555 649 1643 Geganium
680 1558 802 1644 legatos
824 1581 924 1647 quum
953 1561 988 1623 in
1011 1558 1090 1625 alias
1111 1559 1261 1644 regiones

237 1671 306 1728 tum
326 1663 361 1726 in
381 1659 525 1726 Siciliam
546 1659 589 1725 ad
612 1658 769 1726 Gelonem
791 1663 915 1726 misisse
934 1669 1121 1742 narrantur,
1155 1681 1261 1746 aquo

238 1765 284 1829 ita
304 1783 451 1828 reversos
480 1782 550 1826 esse
577 1770 613 1826 ut
633 1764 731 1828 tritici
754 1765 990 1851 quinquaginta
1006 1761 1100 1827 milia
1128 1761 1261 1826 medim-

236 1887 316 1930 num
336 1865 488 1930 afferrent
507 1862 615 1928 multis
637 1867 800 1948 onerariis,
822 1887 957 1953 quorum
976 1864 1145 1930 dimidium
1167 1865 1260 1928 emis-

238 1976 309 2033 sent
329 1965 503 2032 admodum
524 1964 583 2030 vili
605 1968 726 2054 pretio,
755 1967 880 2055 reliqua
905 1965 987 2032 Gelo
1011 1965 1096 2032 dono
1120 1965 1260 2032 dedisset

238 2091 362 2156 suoque
384 2075 514 2153 sumptu
534 2067 727 2134 advehendas
749 2077 898 2136 curasset.

303 2169 388 2251 Quia
425 2189 536 2234 omnes
577 2173 633 2257 qui
666 2170 799 2237 Gelonis
836 2170 1002 2235 historiam
1041 2179 1261 2238 mactaverunt
1309 2214 1320 2244 ,
1458 2160 1459 2175 ¹

236 2274 428 2340 recentiores
460 2270 524 2336 hoc
555 2280 662 2338 utrum
693 2293 806 2338 verum
839 2295 881 2338 an
912 2271 1031 2338 falsum
1053 2273 1094 2339 sit
1120 2296 1186 2340 non
1207 2295 1261 2338 ex·

150 2423 157 2434 ι
239 2377 449 2463 quisiverunt‚
472 2374 507 2438 id
529 2375 679 2441 hocloco
702 2375 797 2441 nobis
818 2377 1054 2462 proposuimus.

302 2475 466 2544 Coriolani
489 2476 574 2541 enim
595 2499 727 2542 causam
756 2486 788 2542 et
807 2473 910 2563 plebis
932 2477 1097 2543 Romanae
1127 2479 1260 2565 conjun-

237 2581 325 2646 xisse
355 2601 427 2644 cum
456 2599 605 2643 annonae
632 2581 762 2646 caritate
792 2582 870 2646 anni
897 2575 990 2647 49211
1019 2579 1152 2660 famam,
1187 2581 1260 2666 quis

238 2694 286 2750 est
307 2684 362 2770 qui
383 2680 513 2746 nesciat.
557 2679 664 2768 Hujus
686 2681 782 2747 famis
804 2681 1067 2748 causam'Livius
1083 2675 1259 2765 (11.,34‚2)

237 2793 269 2851 et
290 2784 469 2871 Dionysius
491 2781 590 2865 (vlt,
614 2779 644 2866 l,
666 2779 723 2870 24)
743 2784 871 2867 dicunt,
906 2773 993 2870 quod
1013 2783 1107 2870 plebs
1129 2791 1262 2872 propter

237 2887 453 2954 secessionem
478 2884 633 2972 impedita
657 2883 767 2966 fuerit,
801 2887 971 2972 quominus
993 2905 1088 2970 agros
1115 2887 1260 2952 coluerit.

237 2988 303 3056 Sed
334 2987 414 3054 haec
450 2989 587 3054 secessio
620 2987 743 3075 aliquot
774 3009 833 3075 per
865 2985 933 3052 dies
967 2987 1104 3057 duravit.
1147 2987 1261 3052 Livius

237 3091 368 3179 quidem
390 3090 453 3154 hac
477 3091 512 3154 in
540 3111 576 3154 re
602 3088 683 3154 duos
706 3091 850 3155 diversos
872 3089 976 3154 fontes
998 3091 1142 3176 sequitur
1162 3089 1260 3174 (conf.

236 3193 375 3260 Nitasch.
396 3193 430 3256 in
451 3193 534 3262 Mus.
557 3190 659 3260 Rhen.¹
681 3191 818 3270 xxm„
840 3215 873 3279 p.
896 3187 959 3258 614
982 3197 1059 3278 sq.);
1089 3191 1143 3271 IL,
1163 3187 1216 3284 32,
1238 3189 1262 3256 4

238 3292 306 3379 „ibi
330 3295 376 3374 (in
398 3293 631 3379 montesacro)
660 3315 719 3381 per
747 3293 870 3382 aliquot
896 3293 966 3359 dies
994 3315 1100 3380 neque
1121 3294 1262 3359 lacessiti

238 3417 345 3484 neque
364 3395 557 3462 lacessentes
577 3418 648 3462 sese
664 3401 831 3482 tenuere“;
853 3405 966 3462 contra
977 3401 1031 3478 IL,
1052 3391 1106 3478 34,
1127 3390 1150 3462 2
1169 3405 1201 3460 et
1219 3391 1260 3462 11

239 3497 431 3580 (secundum
452 3498 557 3565 minus
579 3508 708 3574 certum¹
722 3498 857 3585 fontem)
885 3499 1022 3581 „caritas
1044 3499 1183 3584 primum
1205 3519 1261 3563 an-

238 3591 345 3666 nonae
372 3621 415 3664 ex
440 3600 568 3666 incultis
596 3622 656 3688 per
685 3603 899 3667 secessionem
926 3599 1029 3686 plebis
1051 3601 1137 3685 agris
1158 3601 1261 3664 tames

238 3723 297 3789 sq,
315 3702 454 3790 itemque
476 3702 654 3769 secundum
675 3704 813 3790 Dionys.
834 3702 902 3785 VL,
923 3698 975 3785 47,
997 3697 1039 3767 89
1060 3699 1183 3788 aliquot
1201 3723 1262 3790 per
1288 3699 1292 3705 ’

239 3824 367 3869 menses
390 3803 526 3876 duravit.
559 3804 667 3870 Rediit
690 3813 798 3870 autem
818 3803 910 3891 plebs
928 3802 1034 3869 medio
1055 3824 1168 3869 mense
1181 3802 1260 3890 Sep·

238 3905 368 3974 tembri:
411 3907 589 3973 secundum
625 3905 817 3993 Dionysium
851 3906 981 3994 quidem
1017 3905 1148 3972 demum
1188 3914 1262 3992 post
