2920 5046
695 480 744 554 ro

206 675 347 765 quorum
376 677 499 741 tantum
521 668 599 742 830*
618 679 801 760 supersunt.
843 671 942 738 Pau'el
964 671 1064 738 “vero'
1086 671 1232 738 auctores

206 779 371 867 Polyaeno
407 775 602 842 difficiliores
633 775 728 842 nobis
765 798 807 840 ex
840 775 886 841 eis
919 795 1032 841 veram
1067 775 1232 840 historiam

208 880 379 946 enucleare
406 877 605 945 volentibus:
641 878 737 965 hujus
765 880 813 943 rei
833 899 931 943 eausa
957 879 992 942 in
1013 877 1076 944 hec
1098 885 1161 960 est,
1200 885 1233 942 et

208 983 297 1071 quod
326 983 513 1069 saepissime
542 987 770 1066 strategemata
799 981 938 1067 quaerit,
971 980 1029 1047 ubi
1056 978 1137 1044 hacc
1169 999 1233 1045 om·

207 1087 286 1150 nino
308 1083 498 1171 gravissima
519 1105 585 1148 non
606 1091 691 1164 sunt,
714 1091 746 1147 et
767 1081 854 1170 quod
884 1083 952 1168 ejus
975 1082 1062 1148 dieta
1087 1082 1234 1147 nonnun-

208 1208 305 1274 quam
323 1195 468 1272 tempore
491 1183 629 1271 locoque
651 1193 773 1262 carent,
804 1193 835 1250 et
856 1183 944 1271 quod
965 1206 1033 1250 non
1060 1205 1134 1250 raro
1155 1203 1234 1250 vera

208 1297 242 1353 et
258 1287 449 1374 gravissima
471 1308 545 1351 cum
567 1285 714 1352 absurdis
736 1295 768 1353 et
794 1285 884 1351 falsis
905 1287 939 1350 in
961 1287 1031 1373 ejus
1049 1287 1234 1352 narratione
1335 1283 1339 1292 ’

208 1389 392 1458 miscentur.
430 1389 597 1474 Nusquam
612 1411 690 1454 vero
712 1388 809 1454 fontis
823 1409 942 1452 nomen
957 1388 1086 1456 indicat.
1113 1386 1232 1466 Quam·

210 1513 309 1578 quam
330 1493 428 1577 igitur
457 1489 519 1554 hoe
550 1511 631 1576 opus
649 1492 833 1577 praecipuis
860 1489 1065 1554 adnumerari
1091 1511 1155 1555 non
1178 1509 1234 1577 pe-

208 1602 279 1676 test,
301 1601 410 1658 tamen
431 1600 535 1658 totum
549 1591 846 1657 condemnarenon
867 1590 943 1656 lieet
964 1601 996 1656 et
1015 1590 1141 1676 longius
1161 1611 1234 1677 pro·

208 1694 373 1780 gradimur
397 1716 496 1781 quum
519 1693 726 1776 affirmamus,
745 1695 784 1758 in
807 1695 852 1758 eis
872 1693 949 1759 selis
970 1693 1059 1777 loeis,
1081 1695 1233 1780 quicum

209 1796 280 1861 aliis
302 1796 502 1882 gravioribus
517 1796 674 1861 historicis
688 1804 867 1880 congruunt
881 1789 1072 1874 auctoribus,
1093 1797 1123 1860 ei
1136 1795 1234 1860 fidem

210 1897 329 1988 deberi.
365 1899 497 1985 Optima
520 1907 627 1964 autem
649 1920 725 1985 pars
749 1906 823 1962 sunt
845 1908 1039 1983 stragemata
1058 1919 1102 1964 ex
1123 1919 1232 1963 eorum

209 1999 420 2086 temporibus,
441 2003 497 2086 qui
515 2001 548 2066 οἱ
567 1997 712 2080 διάδοχοι
735 1999 893 2066 dicuntur.

274 2101 335 2166 His
369 2101 469 2167 tribus
505 2101 584 2168 locis
620 2101 803 2189 Polyaenus
835 2102 988 2169 historiae
1023 2100 1157 2168 Gelonis
1192 2101 1233 2167 ab
1274 2135 1283 2159 ›

151 2245 157 2266 .
209 2204 281 2269 aliis
302 2203 484 2269 auctoribus
507 2205 669 2270 dissentit:
692 2203 836 2269 Primum
849 2203 1006 2271 Gelonem
1023 2206 1093 2292 jam
1108 2205 1233 2288 ducem,

175 2300 185 2304 “
209 2327 276 2371 non
296 2314 468 2392 tyrannum
491 2307 533 2371 de
554 2305 736 2371 Himilcone
764 2307 932 2372 victoriam
958 2315 1145 2394 reportasse·
1160 2329 1234 2372 nar-

209 2416 275 2490 rat,
310 2409 399 2495 cujus
423 2429 521 2474 causa
543 2410 734 2474 concionem
756 2410 1016 2492 convocavisset,
1047 2411 1081 2474 in
1102 2431 1167 2496 qua
1187 2419 1235 2496 ty·

210 2532 332 2576 rannus
352 2509 457 2575 factus
479 2519 571 2578 esset
615 2509 762 2592 Deinde,
796 2533 895 2598 quum
925 2511 1049 2598 proelio
1071 2511 1234 2578 decertare

209 2633 307 2678 ausus
325 2633 393 2678 non
416 2622 508 2696 esset,
530 2612 755 2694 Pediarchum,
778 2613 1017 2698 sagittariorum
1035 2601 1235 2700 praefectum

210 2713 273 2779 sibi
290 2713 395 2780 forma
416 2723 513 2803 atque
534 2722 666 2802 aspectu
686 2713 825 2779 similem
845 2736 864 2778 e
886 2716 999 2780 castris
1028 2715 1182 2802 progredi
1203 2723 1236 2780 et

211 2816 391 2882 sacrificare
413 2840 434 2882 a
455 2815 577 2882 Gelone
602 2817 730 2904 jussum
757 2836 845 2899 esse,
879 2824 911 2882 et
939 2817 1026 2882 hunc
1054 2819 1235 2904 sagittarios
1296 2833 1297 2836 ’

211 2920 302 3006 sequi
322 2905 469 2984 candidis
490 2917 632 2984 vestibus
654 2918 782 2984 indutos
805 2927 947 3006 myrtum
974 2917 1115 2984 ferentes
1138 2927 1235 3006 atque

212 3020 272 3087 sub
302 3030 406 3108 myrto
439 3042 534 3085 arcus
567 3020 782 3104 occultantes;
818 3042 917 3108 quum
952 3029 984 3086 et
1017 3019 1235 3086 Hamilcarem

212 3143 305 3188 sacra
324 3122 495 3188 facientem
517 3122 690 3206 vidissent,
723 3124 901 3208 sagittarios
929 3122 993 3188 tela
1010 3125 1044 3189 in
1067 3145 1140 3188 eum
1159 3145 1234 3190 con·

207 3226 325 3313 jecisse
356 3233 454 3311 atque
486 3225 548 3290 hoc
579 3223 664 3290 facto
700 3224 908 3294 interfecisse.
959 3223 1045 3290 Tum
1075 3225 1235 3292 Gelonem

191 3327 376 3412 ¹Diogneto
402 3326 639 3413 Megarensium
671 3327 809 3412 principi
837 3329 991 3414 pecunias
1017 3329 1236 3415 imperavisse,

212 3428 308 3493 istum
330 3419 465 3494 civibus,
498 3427 587 3508 Quos
610 3429 738 3493 tributis
762 3427 805 3492 ad
828 3431 1085 3516 desperationem
1104 3431 1236 3497 adactos

212 3531 247 3592 in
258 3527 495 3616 Syracusanam
518 3530 677 3596 coloniam
701 3533 897 3597 concessisse
912 3553 1011 3619 seque
1022 3533 1155 3600 Gelonis
1178 3535 1234 3597 im·

212 3632 304 3716 perio
326 3654 364 3697 ac
384 3631 498 3697 ditioni
519 3633 705 3721 subjecisse.
749 3633 752 3636 ’
