2920 5046
595 450 635 522 ‘21

112 643 256 732 Ephorus
280 649 310 708 et
333 641 485 708 Timaeus
504 640 639 709 Diodori
667 643 770 710 fontes
797 644 942 728 fuerunt,
973 642 1132 711 nonnulla

113 747 150 812 de
176 747 342 832 utriusque
368 744 433 810 fide
462 755 558 834 atque
590 747 781 812 auctoritate
806 745 913 814 dicere
944 768 1131 835 supervaca-

112 872 203 915 neum
225 849 381 914 nouerit.
431 846 581 934 Ephorus
604 850 707 931 enim,
738 849 828 936 cujus
857 849 955 916 libros
983 849 1130 916 fortunae
1179 851 1180 860 ’

111 953 258 1040 iniquitas
281 951 375 1017 nobis
396 951 530 1034 invidet,
553 950 703 1018 historias
721 974 795 1017 suas
818 951 860 1018 ab
883 951 1129 1020 Heraclidamm

112 1055 211 1120 reditu
243 1055 407 1142 inceperat
438 1063 469 1118 et
499 1075 601 1142 usque
635 1053 678 1119 ad
704 1053 850 1120 Perinthi
877 1054 1076 1122 obsidionem
1109 1075 1130 1120 a

111 1157 256 1245 Philippo
286 1157 404 1223 frustra
447 1165 628 1244 susceptam
669 1156 847 1224 deduxerat
880 1157 933 1224 Ol.
967 1157 1072 1239 dlx„
1107 1154 1130 1224 4

111 1263 150 1343 (a.
172 1259 208 1330 C.
231 1284 262 1329 n.
287 1254 362 1342 341)
393 1257 735 1343 conf.Diod.1v.,1,
767 1265 867 1344 XVI.,
892 1256 944 1328 76.
987 1259 1132 1326 Maxima

111 1384 184 1428 vero
213 1385 287 1428 cum
307 1363 523 1428 accuratione
542 1362 693 1429 omnibus
715 1362 880 1430 literarum
913 1363 1129 1454 monumentis

112 1488 182 1532 usus
209 1474 257 1531 est
290 1475 386 1553 atque
418 1467 649 1552 epigrammata
681 1466 752 1552 ipsa
785 1487 961 1554 versusque
994 1464 1129 1532 orationi

112 1568 284 1640 admiscuit.

166 1678 205 1738 ln
224 1672 380 1758 temporis
403 1669 543 1759 quodam
564 1673 666 1758 spatio
689 1679 723 1736 ut
744 1671 880 1758 optimos
903 1669 1007 1738 fontes
1031 1669 1129 1736 duces

114 1785 309 1862 sequeretur,
339 1774 391 1839 his
420 1781 526 1838 autem
549 1795 583 1839 se
609 1795 675 1838 non
698 1773 791 1861 quasi
812 1773 846 1837 in
867 1775 1051 1858 servitutem
1075 1773 1131 1839 ad·

114 1875 233 1960 diceret,
269 1876 326 1942 sed
358 1877 478 1962 passim
507 1875 636 1942 aliunde
662 1875 826 1942 historiam
858 1875 1002 1964 expleret
1033 1884 1131 1964 atque

113 1980 291 2046 emendaret
316 1978 395 2044 haec
421 1987 506 2043 certe
535 1980 663 2044 efficere
685 1978 801 2063 voluit;
829 1979 887 2044 sed
915 1978 1046 2067 plurimi
1075 2001 1129 2045 cos

112 2083 285 2151 aestimavit
299 2084 355 2171 qui
374 2103 457 2170 quae
469 2082 531 2168 ipsi
543 2082 700 2166 viderant,
716 2082 967 2170 descripserunt.
1001 2081 1129 2169 „Epho-

111 2207 176 2251 rum
202 2187 302 2272 igitur
327 2207 384 2272 pro
411 2186 510 2250 animi
536 2183 738 2272 simplicitate
772 2195 804 2251 ct
832 2187 1015 2250 sinceritate
1041 2186 1129 2250 omni

112 2287 209 2355 studio
232 2289 366 2354 enixum
387 2309 458 2354 csse
479 2297 515 2354 ut
528 2309 606 2354 vera
619 2287 757 2354 traderet
774 2290 887 2373 negari
902 2310 968 2353 non
983 2287 1128 2374 poterit.“

111 2391 217 2481 Neque
238 2391 388 2478 regiones
409 2389 547 2478 locaque
572 2412 761 2456 enumerare
788 2391 864 2456 satis
887 2389 981 2457 duxit
1002 2389 1060 2456 sed
1083 2393 1130 2471 (ul

113 2493 283 2561 Muellerus
312 2493 506 2580 f.h.gr.1.
533 2518 564 2582 p.
585 2493 658 2574 LX)
689 2493 756 2580 ‚luti
783 2492 952 2560 historicus
980 2471 1130 2582 idemque

114 2617 151 2661 ex
171 2597 333 2663 rhetorum
355 2597 467 2663 schola
486 2597 658 2686 profectus,
682 2619 894 2684 quaecunque
917 2595 959 2661 ad
973 2604 1130 2662 terrarum

113 2709 254 2768 naturam
275 2699 532 2788 populorumque
555 2701 714 2787 origines,
744 2721 866 2781 mores,
892 2700 1052 2782 instituta,
1084 2700 1130 2765 iu·

113 2814 204 2870 venta
238 2804 400 2891 pertinent
435 2802 536 2869 nitide
570 2824 631 2868 nec
666 2803 737 2868 sine
768 2801 982 2890 jocundidate
1020 2801 1131 2889 expla-

112 2909 227 2974 navit.“

70 3083 73 3096 ,
173 3010 277 3094 Quem
298 3011 447 3077 Isocratis
475 3007 667 3096 discipulum
699 3030 772 3074 cum
801 3009 1012 3096 Theopompo
1031 3005 1130 3073 fuisse

113 3121 141 3178 et
154 3113 239 3180 hauc
254 3113 295 3179 ob
310 3135 378 3179 rem
395 3115 464 3201 ejus
475 3111 641 3178 historiam
656 3112 805 3179 rhetorici
821 3110 936 3178 coloris
952 3131 1021 3176 esso
1035 3132 1129 3176 nemo

111 3217 249 3302 ignorat:
276 3237 359 3304 quae
380 3238 500 3304 pompa
529 3215 688 3282 rhetorica
717 3218 814 3282 etiam
843 3213 931 3302 apud
951 3213 1130 3280 Diodorum

112 3327 175 3384 tum
206 3329 332 3387 tumore
360 3341 399 3386 ac
423 3319 583 3385 lenocinia
610 3319 644 3384 in
675 3317 903 3386 certaminibus
931 3315 1131 3400 enarrandis,

112 3430 175 3488 tum
201 3425 236 3488 in
257 3423 427 3490 verborum
450 3422 623 3489 eorundem
651 3423 856 3510 repetitione,
884 3417 1015 3486 tamin
1042 3421 1131 3508 cupi·

112 3525 207 3594 ditata
229 3528 265 3592 in
284 3529 442 3593 contraria
461 3525 601 3593 abeundi
624 3527 770 3595 cernitur.
994 3603 995 3611 ἵ

172 3629 264 3711 Quae
288 3631 448 3696 sententia
469 3628 525 3695 illa
557 3651 592 3694 re
624 3629 847 3710 confirmatur,
877 3626 963 3714 quod
995 3627 1029 3692 in
1051 3626 1131 3692 Dio·

113 3731 179 3798 dori
223 3731 419 3800 bibliotheca
457 3733 611 3799 historica
653 3729 829 3798 nonnullae
872 3727 1048 3795 locutiones
1092 3750 1131 3794 ac

113 3837 285 3903 sententiae
306 3842 488 3903 Isocrateae
509 3837 726 3903 inveniuntur.
770 3831 811 3903 of.
832 3831 1008 3922 Volquard.
1030 3854 1062 3920 p.
1076 3826 1130 3903 50.

114 3937 154 4006 Et
174 3940 246 4030 quis
267 3939 362 4007 facile
382 3963 448 4008 non
466 3923 628 4028 intelligat
650 3938 816 4026 Ephorum
838 3945 869 4004 et
887 3935 1131 4026 Theopompum
1241 4031 1243 4043 Ι
