2920 5046
808 543 851 614 58

307 731 613 818 quadringentesimi
638 733 828 819 octogesimi
843 736 1049 807 commissam
1074 758 1145 803 esso
1171 761 1230 826 pro
1255 747 1338 806 certo

305 833 506 920 affirmamus

366 935 535 1002 Postremo
563 935 723 1002 nonnullo
754 935 856 1002 verbo
887 937 928 1003 de
959 942 1006 1005 eis
1040 939 1218 1024 addemus,
1253 965 1338 1032 quae

302 1037 403 1102 Diod.
427 1038 488 1103 XI.
511 1032 565 1104 26.
599 1036 755 1126 Polyaen.
770 1038 796 1106 I.
816 1034 870 1122 27,
893 1035 924 1106 1.
961 1040 1031 1107 Acl.
1054 1041 1095 1108 V.
1111 1043 1262 1112 H.X111.
1283 1041 1339 1122 37,

303 1161 502 1228 quamquem
530 1161 599 1206 non
624 1140 659 1204 in
685 1139 832 1206 omnibus
863 1144 1076 1229 congruentia
1098 1153 1175 1231 sunt
1195 1145 1338 1212 tradide-

300 1249 399 1306 runt.¹
435 1241 537 1308 Paulo
569 1243 656 1308 enim
687 1252 761 1330 post
790 1243 959 1310 victoriam
988 1244 1222 1340 Himerenscm'
1244 1248 1334 1314 Gelo

303 1344 434 1408 comitia
454 1345 576 1410 indixit
598 1344 684 1410 edito
709 1344 873 1428 mandato,
897 1353 933 1410 ut
955 1367 1068 1412 omnes
1092 1349 1215 1434 pariter
1237 1351 1337 1414 armis

303 1443 475 1533 loricisque
497 1445 602 1512 induti
624 1447 852 1512 convenirent:
875 1447 946 1534 ipse
966 1469 1045 1513 vero
1069 1449 1169 1515 nullis
1191 1453 1338 1535 corporis

300 1546 489 1612 custodibus
515 1549 550 1613 in
581 1550 763 1614 contionem
788 1550 887 1614 venit.
935 1549 1041 1616 Simul
1072 1559 1171 1638 atque
1205 1573 1337 1616 omnem

196 1656 197 1659 ’
299 1650 539 1736 imperiatoriae
563 1651 741 1736 dignitatis,
767 1651 855 1716 vitae
878 1673 1045 1718 aerenum
1069 1675 1089 1718 a
1112 1661 1336 1739 regestorum

300 1753 458 1816 rationem
480 1754 632 1840 exposuit
649 1751 873 1840 beneficioque
894 1775 953 1820 sua
977 1777 1077 1843 quum
1098 1755 1133 1820 in
1156 1754 1344 1843 Syracuse·-

301 1875 378 1932 nos‚
406 1861 477 1918 tum
506 1855 540 1917 in
570 1863 694 1920 ceteros
723 1877 835 1920 omnes
859 1854 987 1922 Siculos
1011 1864 1163 1922 accurate
1189 1857 1339 1922 oratione

300 1955 470 2037 recensuit,
491 1954 624 2032 tandem
641 1956 775 2022 insidias
800 1957 924 2031 detexit
944 1965 1041 2045 etque
1063 1980 1154 2023 arma
1177 1957 1337 2046 deposuit.

302 2055 446 2143 Populus
470 2053 548 2123 'vero
572 2058 751 2124 mirabatur
772 2059 859 2147 quod
887 2060 999 2124 tunica
1028 2058 1201 2144 discincta,
1232 2059 1337 2146 pallio

299 2159 369 2224 solo
399 2165 502 2224 tectus
531 2160 566 2224 in
600 2160 707 2226 medio
740 2170 829 2228 stans
863 2159 1013 2226 omnibus
1034 2148 1175 2230 ‚armatis
1209 2162 1338 2228 nudum

297 2261 391 2348 quasi
425 2282 542 2348 eorpus
566 2260 743 2330 obtulisset.
801 2263 944 2329 Tantum
974 2271 1082 2328 autem
1114 2263 1265 2342 aberant,
1301 2271 1337 2330 ut

297 2384 413 2428 manus
435 2363 565 2450 corpori
588 2363 814 2448 admoverent,
845 2374 881 2429 ut
910 2387 1023 2431 omnes
1043 2366 1202 2452 optimum
1233 2365 1336 2454 impe-

293 2475 434 2530 ratorem
464 2464 684 2532 collaudantes
712 2490 779 2532 une
806 2488 888 2532 voce
917 2490 992 2536 eum
1023 2465 1107 2533 bene
1136 2466 1178 2532 de
1217 2470 1331 2554 petria

298 2569 452 2636 meritum
487 2569 622 2656 ejusque
654 2567 877 2651 liberatorem,
920 2591 1033 2656 regem
1067 2571 1174 2656 ipsum
1208 2569 1335 2658 procla·

298 2657 435 2738 merent.

361 2771 435 2838 Hoc
453 2772 549 2838 titulo
571 2795 639 2838 non
660 2773 758 2839 modo
779 2773 815 2837 in
837 2794 940 2860 regno
966 2773 1174 2840 confirmatus
1201 2781 1251 2837 est
1273 2772 1334 2838 scd

296 2875 393 2940 ctiam
415 2873 588 2960 decretum,
611 2884 649 2940 ut
670 2875 822 2963 deinceps
845 2877 979 2964 exejus
1002 2874 1128 2940 familia
1156 2874 1335 2943 sueceden-

294 2977 381 3043 tibus
405 2977 577 3066 imperium
598 2975 681 3044 illud
703 2979 829 3062 integre
854 2987 1110 3045 conservaretur.
