2920 5046
605 469 648 546 53

119 651 283 756 partibus
328 667 443 756 Itaque
464 689 694 755 saepenumero
715 669 769 752 fit,
798 679 848 749 ut,
881 669 958 735 dum
987 667 1137 738 historias

119 769 276 854 scribunt,
305 769 431 836 fabulas
451 781 583 836 narrent
603 791 721 859 resque
743 772 890 856 tradam,
920 770 1033 860 quales
1054 771 1137 840 forte

119 874 244 938 evenire
264 881 451 960 potuerunt,
485 874 641 961 imprimis
661 877 690 939 si
711 875 828 941 uostris
850 873 1049 962 temporibus
1067 897 1137 943 eve·
1163 904 1166 918 ·

118 976 230 1043 nirent.

178 1077 232 1144 Ad
253 1078 333 1145 haee
355 1080 463 1144 omnia
483 1079 617 1164 secedit,
639 1080 727 1167 quod
740 1080 891 1168 Ephorus
913 1087 945 1146 et
961 1078 1135 1165 Diodorus,

117 1190 151 1246 ut
169 1181 240 1268 jam
260 1203 359 1268 supra
380 1180 588 1265 ostendimus,
608 1183 643 1248 in
661 1181 792 1250 foedere
812 1182 961 1249 iaciendo
983 1205 1049 1255 non
1063 1205 1137 1250 aon·
1157 1267 1159 1278 Δ

115 1295 242 1370 gruunt.
277 1281 444 1350 Herodoto
468 1307 545 1370 ergo
560 1292 661 1370 major
678 1285 759 1352 fides
773 1284 924 1351 habenda
943 1293 1000 1351 est.
1034 1285 1135 1354 Nemo

116 1407 190 1452 vero
219 1385 320 1470 alius,
345 1387 410 1455 nisi
427 1386 601 1474 Ephorus,
637 1397 673 1454 ut
701 1389 745 1453 ita
767 1387 887 1471 dicam,
915 1385 1028 1454 foedus
1055 1388 1137 1454 illud

95 1489 199 1570 ·iniit‚
232 1488 321 1576 quod
342 1489 497 1555 Timaeus
524 1489 671 1577 plurimis
699 1490 796 1556 rebus
825 1491 954 1556 mutatis
979 1491 1136 1557 incertum

114 1613 178 1656 nou
197 1591 328 1657 habuit:
350 1613 369 1658 e
390 1591 525 1658 Timaeo
549 1591 666 1658 deinde
676 1592 840 1659 Diodorus
861 1594 977 1660 hausit.
1010 1591 1135 1660 Fietum

114 1701 218 1759 autem
244 1702 292 1761 est
313 1717 351 1762 eo
367 1693 510 1776 oonsilio,
531 1704 566 1760 ut
580 1697 715 1761 victoria
732 1708 770 1762 'eo
792 1695 960 1782 gloriosior
973 1694 1136 1780 videatur3

113 1796 314 1885 eandemque
343 1797 385 1864 ob
415 1820 544 1864 oausam
572 1819 684 1886 pugna
713 1799 911 1864 Himerensis
942 1798 1054 1864 eodem
1083 1797 1136 1863 die

113 1899 196 1965 faeta
219 1921 292 1966 esse
313 1909 474 1981 momatur,
494 1923 558 1988 quo
580 1923 692 1987 pugna
712 1899 801 1988 apud
822 1899 1058 1988 Thermopylas
1080 1909 1136 1967 aut

114 2001 278 2068 Salamina
301 2001 465 2068 debellata
486 2008 537 2072 sit.
692 2055 693 2064 ,

174 2103 457 2192 Carthaginienses
479 2107 564 2171 enim
588 2106 721 2174 Gelonis
742 2108 948 2174 increscentis
968 2109 1135 2194 potestatis

113 2209 215 2274 invidi
238 2208 314 2274 faeti
337 2217 443 2292 erant3
473 2230 511 2274 eo
536 2210 656 2294 gratior
684 2212 730 2276 eis
752 2219 820 2276 erat
848 2208 1030 2298 imploratio
1061 2209 1134 2276 illo·

112 2332 182 2376 rum
199 2318 428 2398 tyrannorum,
457 2311 513 2398 qui
534 2311 596 2378 sibi
617 2313 650 2378 in
672 2311 785 2379 Sicilia
806 2311 1027 2400 expugnanda
1046 2313 1135 2378 auxi.
1227 2373 1230 2402 ¹
1261 2324 1264 2332 ·

112 2411 180 2478 liari
204 2422 346 2500 possent.
396 2413 590 2480 Persuasum
613 2416 711 2481 etiam
730 2415 883 2481 habuisse
902 2415 1069 2498 videntur,
1099 2439 1135 2481 se

112 2525 177 2580 tum
198 2537 264 2581 uno
283 2515 374 2582 velut
393 2516 458 2581 ictu
473 2516 595 2583 bellum
617 2521 795 2605 transigere
814 2540 853 2583 ao
874 2525 974 2584 totam
992 2517 1134 2584 insulam

113 2617 146 2682 in
169 2617 367 2684 deditionem
397 2617 546 2704 subigere
566 2643 678 2707 posse,
712 2632 748 2686 ut
776 2619 875 2708 paulo
908 2627 1004 2686 antea
1025 2620 1133 2686 Sardi·

112 2721 205 2788 niam.
251 2719 370 2807 Magna
392 2721 491 2807 igitur
512 2722 677 2808 expeditio
698 2723 775 2807 fuit,
809 2731 841 2788 et
872 2743 1065 2810 quamquam
1087 2723 1134 2788 in·
1188 2747 1194 2764 ³

112 2823 198 2906 genti
219 2822 355 2888 militum
375 2845 510 2890 numero
533 2823 632 2890 nihilo
650 2827 755 2912 magis
777 2847 874 2913 quam
893 2825 942 2890 illi
962 2823 1134 2891 Persarum

111 2925 202 2990 nobis
224 2925 307 2991 fides
329 2925 481 2992 habenda
502 2936 560 3008 eet,
583 2937 691 2994 tamen
703 2927 984 3014 Carthaginienses
1006 2935 1134 2994 eonten-

112 3023 196 3092 disse
224 3036 321 3116 atque
340 3030 421 3094 enisi
449 3051 518 3095 esse
538 3030 689 3097 videntur
709 3053 806 3119 quam
834 3031 974 3096 maxime
994 3039 1135 3119 possent,

112 3139 145 3194 ut
174 3131 346 3196 victoriam
379 3131 421 3197 de
450 3131 582 3199 Graems
615 3133 732 3199 Sioulis
764 3142 971 3221 reportarent
1027 3135 1135 3220 Atque

108 3231 175 3318 jam
202 3241 271 3298 tota
299 3232 375 3299 belli
400 3233 533 3319 gerendi
561 3237 641 3302 ratio
662 3237 782 3302 famam
811 3235 948 3302 militum
965 3257 1134 3302 numerum

112 3336 240 3401 auxisse
273 3335 382 3405 dooetr
428 3359 504 3402 nam
536 3340 563 3404 si
594 3337 761 3405 Hamilcar
793 3347 916 3415 tantum
957 3340 1134 3405 exereitum

112 3433 283 3513 habuisset,
307 3448 463 3526 quantum
485 3440 649 3506 Diodorus
670 3441 750 3524 vult,
771 3450 894 3508 tantum
915 3440 1077 3523 abfuisset
1099 3449 1135 3507 ut
1177 3463 1179 3473 ’

112 3537 231 3604 diutius
251 3540 415 3606 Himeram
446 3542 619 3638 obsidione
635 3543 819 3628 clausisset,
850 3553 887 3610 ut
915 3553 1014 3611 totam
1048 3545 1134 3610 insu·

11 3647 12 3650 ’
112 3638 175 3705 lam
196 3643 295 3707 variis
317 3645 383 3710 suis
405 3646 504 3732 copiis
529 3649 587 3731 (ex
609 3645 736 3730 Airiea,
758 3647 880 3731 Iberia,
909 3647 1021 3728 Italia,
1042 3669 1060 3712 e
1080 3647 1133 3712 Li-

112 3745 215 3827 guria,
238 3765 281 3809 ex
304 3745 482 3834 Helisyois‚
505 3771 546 3814 ex
568 3749 614 3814 eis
636 3750 691 3837 qui
712 3749 895 3816 Sardiniam
915 3760 947 3817 et
968 3751 1132 3817 Corsicam

112 3846 250 3912 insulam
269 3848 464 3934 indolebant)
484 3850 687 3932 inundasset,
714 3851 868 3941 brevique
889 3863 1035 3940 tempore
1057 3851 1134 3918 belli

112 3945 240 4022 fortuna
256 3973 315 4019 sua
335 3954 442 4039 gratia
465 3952 680 4044 dijudicasset
