<?xml version="1.0" encoding="UTF-8"?>
<!DOCTYPE html PUBLIC "-//W3C//DTD XHTML 1.0 Transitional//EN"
    "http://www.w3.org/TR/xhtml1/DTD/xhtml1-transitional.dtd">
<html xmlns="http://www.w3.org/1999/xhtml" xml:lang="en" lang="en">
 <head>
  <title>
</title>
<meta http-equiv="Content-Type" content="text/html;charset=utf-8" />
  <meta name='ocr-system' content='tesseract 3.04.00' />
  <meta name='ocr-capabilities' content='ocr_page ocr_carea ocr_par ocr_line ocrx_word'/>
</head>
<body>
  <div class='ocr_page' id='page_1' title='image "./defontibusadgel00richgoog_0057.png"; bbox 0 0 2920 5046; ppageno 0'>
   <div class='ocr_carea' id='block_1_1' title="bbox 0 0 5 813">
    <p class='ocr_par' dir='ltr' id='par_1_1' title="bbox 0 0 5 813">
     <span class='ocr_line' id='line_1_1' title="bbox 0 0 5 813; baseline 0 0"><span class='ocrx_word' id='word_1_1' title='bbox 0 0 5 813; x_wconf 95' lang='lat' dir='ltr'> </span> 
     </span>
    </p>
   </div>
   <div class='ocr_carea' id='block_1_2' title="bbox 790 478 835 550">
    <p class='ocr_par' dir='ltr' id='par_1_2' title="bbox 790 478 835 550">
     <span class='ocr_line' id='line_1_2' title="bbox 790 478 835 550; baseline 0 0"><span class='ocrx_word' id='word_1_2' title='bbox 790 478 835 550; x_wconf 82' lang='lat'>50</span> 
     </span>
    </p>
   </div>
   <div class='ocr_carea' id='block_1_3' title="bbox 306 668 1326 858">
    <p class='ocr_par' dir='ltr' id='par_1_3' title="bbox 306 668 1326 858">
     <span class='ocr_line' id='line_1_3' title="bbox 306 668 1326 754; baseline -0.002 -20"><span class='ocrx_word' id='word_1_3' title='bbox 306 669 494 734; x_wconf 74' lang='lat' dir='ltr'>successerit</span> <span class='ocrx_word' id='word_1_4' title='bbox 527 668 678 734; x_wconf 79' lang='lat' dir='ltr'><strong>archonte</strong></span> <span class='ocrx_word' id='word_1_5' title='bbox 713 669 847 734; x_wconf 77' lang='lat' dir='ltr'>Athenis</span> <span class='ocrx_word' id='word_1_6' title='bbox 883 669 1028 737; x_wconf 81' lang='lat' dir='ltr'>Charete.</span> <span class='ocrx_word' id='word_1_7' title='bbox 1086 668 1195 734; x_wconf 88' lang='lat' dir='ltr'>Distat</span> <span class='ocrx_word' id='word_1_8' title='bbox 1229 670 1326 754; x_wconf 83' lang='lat' dir='ltr'>igitur</span> 
     </span>
     <span class='ocr_line' id='line_1_4' title="bbox 306 769 1326 858; baseline 0 -22"><span class='ocrx_word' id='word_1_9' title='bbox 306 795 325 836; x_wconf 91' lang='lat' dir='ltr'>a</span> <span class='ocrx_word' id='word_1_10' title='bbox 346 771 484 838; x_wconf 90' lang='lat' dir='ltr'>Diodori</span> <span class='ocrx_word' id='word_1_11' title='bbox 509 771 633 836; x_wconf 90' lang='lat' dir='ltr'>calculo</span> <span class='ocrx_word' id='word_1_12' title='bbox 655 780 778 858; x_wconf 83' lang='lat' dir='ltr'>septem</span> <span class='ocrx_word' id='word_1_13' title='bbox 799 793 958 835; x_wconf 87' lang='lat' dir='ltr'>annorum</span> <span class='ocrx_word' id='word_1_14' title='bbox 981 772 1094 856; x_wconf 88' lang='lat' dir='ltr'>spatio.</span> <span class='ocrx_word' id='word_1_15' title='bbox 1129 769 1192 836; x_wconf 84' lang='lat' dir='ltr'>Sed</span> <span class='ocrx_word' id='word_1_16' title='bbox 1215 780 1326 836; x_wconf 82' lang='lat' dir='ltr'>auctor</span> 
     </span>
    </p>
   </div>
   <div class='ocr_carea' id='block_1_4' title="bbox 180 870 1326 962">
    <p class='ocr_par' dir='ltr' id='par_1_4' title="bbox 180 870 1326 962">
     <span class='ocr_line' id='line_1_5' title="bbox 180 870 1326 962; baseline 0 -24"><span class='ocrx_word' id='word_1_17' title='bbox 180 911 186 918; x_wconf 82' lang='lat'><em>,</em></span> <span class='ocrx_word' id='word_1_18' title='bbox 304 875 398 962; x_wconf 87' lang='lat' dir='ltr'>hujus</span> <span class='ocrx_word' id='word_1_19' title='bbox 425 874 470 938; x_wconf 89' lang='lat' dir='ltr'>M.</span> <span class='ocrx_word' id='word_1_20' title='bbox 491 875 527 939; x_wconf 91' lang='lat' dir='ltr'>P.</span> <span class='ocrx_word' id='word_1_21' title='bbox 546 883 617 940; x_wconf 79' lang='lat' dir='ltr'>aut</span> <span class='ocrx_word' id='word_1_22' title='bbox 643 875 770 938; x_wconf 89' lang='lat' dir='ltr'>initium</span> <span class='ocrx_word' id='word_1_23' title='bbox 792 874 884 958; x_wconf 86' lang='lat' dir='ltr'>regni</span> <span class='ocrx_word' id='word_1_24' title='bbox 910 870 1045 936; x_wconf 82' lang='lat' dir='ltr'>Gelonis</span> <span class='ocrx_word' id='word_1_25' title='bbox 1080 893 1151 937; x_wconf 91' lang='lat' dir='ltr'>cum</span> <span class='ocrx_word' id='word_1_26' title='bbox 1182 872 1326 938; x_wconf 82' lang='lat' dir='ltr'>Hierone</span> 
     </span>
    </p>
   </div>
   <div class='ocr_carea' id='block_1_5' title="bbox 304 968 1326 1060">
    <p class='ocr_par' dir='ltr' id='par_1_5' title="bbox 304 968 1326 1060">
     <span class='ocr_line' id='line_1_6' title="bbox 304 968 1326 1060; baseline 0 -20"><span class='ocrx_word' id='word_1_27' title='bbox 304 979 520 1060; x_wconf 86' lang='lat' dir='ltr'>commutavit,</span> <span class='ocrx_word' id='word_1_28' title='bbox 539 985 595 1041; x_wconf 87' lang='lat' dir='ltr'>aut</span> <span class='ocrx_word' id='word_1_29' title='bbox 614 986 650 1041; x_wconf 92' lang='lat' dir='ltr'>ut</span> <span class='ocrx_word' id='word_1_30' title='bbox 671 975 814 1040; x_wconf 87' lang='lat' dir='ltr'>Plassius</span> <span class='ocrx_word' id='word_1_31' title='bbox 829 981 866 1056; x_wconf 82' lang='lat'>1,</span> <span class='ocrx_word' id='word_1_32' title='bbox 888 968 953 1041; x_wconf 78' lang='lat'>295</span> <span class='ocrx_word' id='word_1_33' title='bbox 974 996 1048 1042; x_wconf 88' lang='lat' dir='ltr'>ann.</span> <span class='ocrx_word' id='word_1_34' title='bbox 1070 976 1114 1038; x_wconf 94' lang='lat' dir='ltr'>ait</span> <span class='ocrx_word' id='word_1_35' title='bbox 1137 975 1214 1059; x_wconf 84' lang='lat' dir='ltr'>„der</span> <span class='ocrx_word' id='word_1_36' title='bbox 1234 973 1326 1040; x_wconf 80' lang='lat' dir='ltr'>Veri.</span> 
     </span>
    </p>
   </div>
   <div class='ocr_carea' id='block_1_6' title="bbox 185 1073 1326 1165">
    <p class='ocr_par' dir='ltr' id='par_1_6' title="bbox 185 1073 1326 1165">
     <span class='ocr_line' id='line_1_7' title="bbox 185 1073 1326 1165; baseline -0.001 -22"><span class='ocrx_word' id='word_1_37' title='bbox 185 1159 186 1164; x_wconf 8' lang='grc' dir='ltr'>ἵ</span> <span class='ocrx_word' id='word_1_38' title='bbox 304 1080 359 1143; x_wconf 90' lang='lat' dir='ltr'>hat</span> <span class='ocrx_word' id='word_1_39' title='bbox 386 1078 438 1144; x_wconf 88' lang='lat' dir='ltr'>die</span> <span class='ocrx_word' id='word_1_40' title='bbox 462 1077 701 1165; x_wconf 71' lang='lat' dir='ltr'>siebenjihrige</span> <span class='ocrx_word' id='word_1_41' title='bbox 723 1077 912 1162; x_wconf 85' lang='lat' dir='ltr'>Regierung</span> <span class='ocrx_word' id='word_1_42' title='bbox 931 1073 1052 1141; x_wconf 83' lang='lat' dir='ltr'>Celons</span> <span class='ocrx_word' id='word_1_43' title='bbox 1083 1075 1229 1161; x_wconf 85' lang='lat' dir='ltr'>gekannt</span> <span class='ocrx_word' id='word_1_44' title='bbox 1255 1078 1326 1142; x_wconf 91' lang='lat' dir='ltr'>und</span> 
     </span>
    </p>
   </div>
   <div class='ocr_carea' id='block_1_7' title="bbox 227 1177 1349 4030">
    <p class='ocr_par' dir='ltr' id='par_1_7' title="bbox 227 1177 1349 4030">
     <span class='ocr_line' id='line_1_8' title="bbox 297 1177 1326 1266; baseline -0.002 -20"><span class='ocrx_word' id='word_1_45' title='bbox 297 1183 352 1246; x_wconf 87' lang='lat' dir='ltr'>sie</span> <span class='ocrx_word' id='word_1_46' title='bbox 374 1180 538 1266; x_wconf 89' lang='lat' dir='ltr'>unrichtig</span> <span class='ocrx_word' id='word_1_47' title='bbox 554 1203 617 1245; x_wconf 85' lang='lat' dir='ltr'>von</span> <span class='ocrx_word' id='word_1_48' title='bbox 642 1179 714 1244; x_wconf 90' lang='lat' dir='ltr'>dem</span> <span class='ocrx_word' id='word_1_49' title='bbox 740 1181 835 1263; x_wconf 82' lang='lat' dir='ltr'>Siege</span> <span class='ocrx_word' id='word_1_50' title='bbox 855 1178 909 1244; x_wconf 92' lang='lat' dir='ltr'>bei</span> <span class='ocrx_word' id='word_1_51' title='bbox 927 1177 1067 1242; x_wconf 80' lang='lat' dir='ltr'>Himera</span> <span class='ocrx_word' id='word_1_52' title='bbox 1086 1201 1136 1260; x_wconf 87' lang='lat' dir='ltr'>an,</span> <span class='ocrx_word' id='word_1_53' title='bbox 1160 1179 1238 1244; x_wconf 89' lang='lat' dir='ltr'>oder</span> <span class='ocrx_word' id='word_1_54' title='bbox 1259 1200 1326 1244; x_wconf 89' lang='lat' dir='ltr'>von</span> 
     </span>
     <span class='ocr_line' id='line_1_9' title="bbox 303 1279 1349 1369; baseline -0.005 -21"><span class='ocrx_word' id='word_1_55' title='bbox 303 1283 361 1348; x_wconf 89' lang='lat' dir='ltr'>der</span> <span class='ocrx_word' id='word_1_56' title='bbox 383 1281 565 1369; x_wconf 86' lang='lat' dir='ltr'>Beilegung</span> <span class='ocrx_word' id='word_1_57' title='bbox 586 1281 643 1348; x_wconf 90' lang='lat' dir='ltr'>des</span> <span class='ocrx_word' id='word_1_58' title='bbox 665 1279 882 1365; x_wconf 74' lang='lat' dir='ltr'>Khniglichen</span> <span class='ocrx_word' id='word_1_59' title='bbox 906 1279 1050 1344; x_wconf 88' lang='lat' dir='ltr'>Namens</span> <span class='ocrx_word' id='word_1_60' title='bbox 1073 1281 1257 1365; x_wconf 85' lang='lat' dir='ltr'>gerechnet.</span> <span class='ocrx_word' id='word_1_61' title='bbox 1345 1351 1349 1363; x_wconf 27' lang='grc' dir='ltr'>ι</span> 
     </span>
     <span class='ocr_line' id='line_1_10' title="bbox 371 1380 1326 1470; baseline 0 -22"><span class='ocrx_word' id='word_1_62' title='bbox 371 1380 498 1464; x_wconf 83' lang='lat' dir='ltr'>Quibus</span> <span class='ocrx_word' id='word_1_63' title='bbox 523 1384 753 1450; x_wconf 85' lang='lat' dir='ltr'>animadversis</span> <span class='ocrx_word' id='word_1_64' title='bbox 781 1383 908 1446; x_wconf 91' lang='lat' dir='ltr'>initium</span> <span class='ocrx_word' id='word_1_65' title='bbox 924 1380 1058 1446; x_wconf 84' lang='lat' dir='ltr'>Gelonis</span> <span class='ocrx_word' id='word_1_66' title='bbox 1082 1383 1207 1470; x_wconf 90' lang='lat' dir='ltr'>imperii</span> <span class='ocrx_word' id='word_1_67' title='bbox 1229 1387 1326 1470; x_wconf 81' lang='lat' dir='ltr'>Syra·</span> 
     </span>
     <span class='ocr_line' id='line_1_11' title="bbox 303 1483 1327 1570; baseline -0.002 -18"><span class='ocrx_word' id='word_1_68' title='bbox 303 1509 448 1552; x_wconf 83' lang='lat' dir='ltr'>casarum</span> <span class='ocrx_word' id='word_1_69' title='bbox 482 1485 633 1552; x_wconf 82' lang='lat' dir='ltr'>incidisse</span> <span class='ocrx_word' id='word_1_70' title='bbox 664 1485 831 1550; x_wconf 80' lang='lat' dir='ltr'>statuimus</span> <span class='ocrx_word' id='word_1_71' title='bbox 857 1486 898 1570; x_wconf 19' lang='lat' dir='ltr'>&#39;in</span> <span class='ocrx_word' id='word_1_72' title='bbox 935 1483 986 1553; x_wconf 88' lang='lat' dir='ltr'>Ol.</span> <span class='ocrx_word' id='word_1_73' title='bbox 1010 1483 1165 1550; x_wconf 87' lang='lat' dir='ltr'><strong>LXXIII.</strong></span> <span class='ocrx_word' id='word_1_74' title='bbox 1203 1507 1327 1560; x_wconf 85' lang='lat' dir='ltr'>annum</span> 
     </span>
     <span class='ocr_line' id='line_1_12' title="bbox 303 1585 1326 1678; baseline 0 -23"><span class='ocrx_word' id='word_1_75' title='bbox 303 1599 469 1678; x_wconf 87' lang='lat' dir='ltr'>quartum:</span> <span class='ocrx_word' id='word_1_76' title='bbox 490 1609 596 1676; x_wconf 90' lang='lat' dir='ltr'>neque</span> <span class='ocrx_word' id='word_1_77' title='bbox 616 1585 768 1652; x_wconf 85' lang='lat' dir='ltr'>audiendi</span> <span class='ocrx_word' id='word_1_78' title='bbox 790 1587 912 1651; x_wconf 79' lang='lat' dir='ltr'>suntll</span> <span class='ocrx_word' id='word_1_79' title='bbox 947 1587 1077 1653; x_wconf 89' lang='lat' dir='ltr'>Curtius</span> <span class='ocrx_word' id='word_1_80' title='bbox 1099 1587 1185 1670; x_wconf 88' lang='lat' dir='ltr'>(hist.</span> <span class='ocrx_word' id='word_1_81' title='bbox 1208 1586 1326 1655; x_wconf 86' lang='lat' dir='ltr'>Graec.</span> 
     </span>
     <span class='ocr_line' id='line_1_13' title="bbox 301 1683 1327 1779; baseline -0.004 -21"><span class='ocrx_word' id='word_1_82' title='bbox 301 1696 352 1758; x_wconf 77' lang='lat'>11²</span> <span class='ocrx_word' id='word_1_83' title='bbox 373 1715 405 1779; x_wconf 89' lang='lat' dir='ltr'>p.</span> <span class='ocrx_word' id='word_1_84' title='bbox 426 1687 489 1758; x_wconf 69' lang='lat'>&#39;155</span> <span class='ocrx_word' id='word_1_85' title='bbox 510 1709 562 1756; x_wconf 91' lang='lat' dir='ltr'>no.</span> <span class='ocrx_word' id='word_1_86' title='bbox 584 1683 640 1774; x_wconf 83' lang='grc'>34)</span> <span class='ocrx_word' id='word_1_87' title='bbox 663 1711 737 1753; x_wconf 90' lang='lat' dir='ltr'>cum</span> <span class='ocrx_word' id='word_1_88' title='bbox 753 1687 905 1754; x_wconf 82' lang='lat' dir='ltr'>Goellero</span> <span class='ocrx_word' id='word_1_89' title='bbox 928 1689 1014 1769; x_wconf 84' lang='lat' dir='ltr'>(hist.</span> <span class='ocrx_word' id='word_1_90' title='bbox 1030 1694 1140 1777; x_wconf 80' lang='lat' dir='ltr'>Syrac.</span> <span class='ocrx_word' id='word_1_91' title='bbox 1160 1713 1192 1776; x_wconf 91' lang='lat' dir='ltr'>p.</span> <span class='ocrx_word' id='word_1_92' title='bbox 1205 1685 1246 1755; x_wconf 77' lang='grc'>17</span> <span class='ocrx_word' id='word_1_93' title='bbox 1262 1697 1327 1777; x_wconf 89' lang='lat' dir='ltr'>sq.)</span> 
     </span>
     <span class='ocr_line' id='line_1_14' title="bbox 302 1791 1327 1880; baseline 0 -22"><span class='ocrx_word' id='word_1_94' title='bbox 302 1797 357 1880; x_wconf 90' lang='lat' dir='ltr'>qui</span> <span class='ocrx_word' id='word_1_95' title='bbox 377 1793 421 1858; x_wconf 89' lang='lat' dir='ltr'>ad</span> <span class='ocrx_word' id='word_1_96' title='bbox 440 1793 626 1880; x_wconf 87' lang='lat' dir='ltr'>Bentlejum</span> <span class='ocrx_word' id='word_1_97' title='bbox 645 1801 824 1878; x_wconf 85' lang='lat' dir='ltr'>perperam</span> <span class='ocrx_word' id='word_1_98' title='bbox 853 1801 1065 1878; x_wconf 84' lang='lat' dir='ltr'>provocantes</span> <span class='ocrx_word' id='word_1_99' title='bbox 1086 1791 1247 1870; x_wconf 35' lang='lat' dir='ltr'>Hieronis,</span> <span class='ocrx_word' id='word_1_100' title='bbox 1266 1795 1327 1858; x_wconf 92' lang='lat' dir='ltr'>im-</span> 
     </span>
     <span class='ocr_line' id='line_1_15' title="bbox 301 1891 1327 1984; baseline -0.001 -23"><span class='ocrx_word' id='word_1_101' title='bbox 301 1899 427 1982; x_wconf 89' lang='lat' dir='ltr'>perium</span> <span class='ocrx_word' id='word_1_102' title='bbox 443 1901 672 1984; x_wconf 81' lang='lat' dir='ltr'>Syracusarum</span> <span class='ocrx_word' id='word_1_103' title='bbox 687 1895 727 1958; x_wconf 90' lang='lat' dir='ltr'>ab</span> <span class='ocrx_word' id='word_1_104' title='bbox 737 1893 789 1961; x_wconf 93' lang='lat' dir='ltr'>Ol.</span> <span class='ocrx_word' id='word_1_105' title='bbox 798 1891 963 1976; x_wconf 69' lang='lat' dir='ltr'>LXXVI,</span> <span class='ocrx_word' id='word_1_106' title='bbox 979 1891 996 1960; x_wconf 94' lang='grc'><strong>1</strong></span> <span class='ocrx_word' id='word_1_107' title='bbox 1009 1895 1169 1980; x_wconf 90' lang='lat' dir='ltr'>incepisse</span> <span class='ocrx_word' id='word_1_108' title='bbox 1180 1905 1327 1960; x_wconf 88' lang='lat' dir='ltr'>censent.</span> 
     </span>
     <span class='ocr_line' id='line_1_16' title="bbox 363 1993 1327 2084; baseline -0.001 -21"><span class='ocrx_word' id='word_1_109' title='bbox 363 1997 459 2063; x_wconf 86' lang='lat' dir='ltr'>Nunc</span> <span class='ocrx_word' id='word_1_110' title='bbox 478 1997 520 2062; x_wconf 90' lang='lat' dir='ltr'>ad</span> <span class='ocrx_word' id='word_1_111' title='bbox 540 1999 761 2084; x_wconf 88' lang='lat' dir='ltr'>quaestionem</span> <span class='ocrx_word' id='word_1_112' title='bbox 783 1995 823 2060; x_wconf 89' lang='lat' dir='ltr'>de</span> <span class='ocrx_word' id='word_1_113' title='bbox 846 1997 996 2061; x_wconf 88' lang='lat' dir='ltr'>societate</span> <span class='ocrx_word' id='word_1_114' title='bbox 1006 1993 1177 2060; x_wconf 90' lang='lat' dir='ltr'>Persarum</span> <span class='ocrx_word' id='word_1_115' title='bbox 1199 2007 1230 2062; x_wconf 90' lang='lat' dir='ltr'>et</span> <span class='ocrx_word' id='word_1_116' title='bbox 1245 1995 1327 2062; x_wconf 88' lang='lat' dir='ltr'>Car-</span> 
     </span>
     <span class='ocr_line' id='line_1_17' title="bbox 299 2097 1328 2186; baseline 0.001 -21"><span class='ocrx_word' id='word_1_117' title='bbox 299 2101 550 2186; x_wconf 87' lang='lat' dir='ltr'>thaginiensium</span> <span class='ocrx_word' id='word_1_118' title='bbox 585 2106 796 2163; x_wconf 89' lang='lat' dir='ltr'>transeamus.</span> <span class='ocrx_word' id='word_1_119' title='bbox 857 2097 908 2162; x_wconf 93' lang='lat' dir='ltr'>Illi</span> <span class='ocrx_word' id='word_1_120' title='bbox 943 2099 1029 2178; x_wconf 88' lang='lat' dir='ltr'>enim</span> <span class='ocrx_word' id='word_1_121' title='bbox 1063 2097 1179 2184; x_wconf 85' lang='lat' dir='ltr'>legati,</span> <span class='ocrx_word' id='word_1_122' title='bbox 1214 2101 1270 2186; x_wconf 89' lang='lat' dir='ltr'>qui</span> <span class='ocrx_word' id='word_1_123' title='bbox 1305 2123 1328 2166; x_wconf 89' lang='lat' dir='ltr'>a</span> 
     </span>
     <span class='ocr_line' id='line_1_18' title="bbox 301 2200 1326 2292; baseline -0.002 -23"><span class='ocrx_word' id='word_1_124' title='bbox 301 2208 497 2269; x_wconf 82' lang='lat' dir='ltr'>Graecorum</span> <span class='ocrx_word' id='word_1_125' title='bbox 518 2210 632 2266; x_wconf 89' lang='lat' dir='ltr'>senatu</span> <span class='ocrx_word' id='word_1_126' title='bbox 655 2200 696 2265; x_wconf 90' lang='lat' dir='ltr'>ad</span> <span class='ocrx_word' id='word_1_127' title='bbox 715 2201 983 2292; x_wconf 25' lang='lat' dir='ltr'>Gelonempmissi</span> <span class='ocrx_word' id='word_1_128' title='bbox 1007 2209 1108 2282; x_wconf 83' lang='lat' dir='ltr'>erant,</span> <span class='ocrx_word' id='word_1_129' title='bbox 1130 2201 1326 2268; x_wconf 77' lang='lat' dir='ltr'>Corinthum</span> 
     </span>
     <span class='ocr_line' id='line_1_19' title="bbox 300 2302 1327 2370; baseline 0 0"><span class='ocrx_word' id='word_1_130' title='bbox 300 2305 419 2370; x_wconf 86' lang='lat' dir='ltr'>infecta</span> <span class='ocrx_word' id='word_1_131' title='bbox 447 2327 481 2370; x_wconf 91' lang='lat' dir='ltr'>re</span> <span class='ocrx_word' id='word_1_132' title='bbox 502 2303 666 2368; x_wconf 88' lang='lat' dir='ltr'>redierunt</span> <span class='ocrx_word' id='word_1_133' title='bbox 695 2313 725 2368; x_wconf 92' lang='lat' dir='ltr'>et</span> <span class='ocrx_word' id='word_1_134' title='bbox 748 2303 828 2370; x_wconf 83' lang='lat' dir='ltr'>Gelo</span> <span class='ocrx_word' id='word_1_135' title='bbox 848 2304 981 2368; x_wconf 84' lang='lat' dir='ltr'>Graecis</span> <span class='ocrx_word' id='word_1_136' title='bbox 1008 2302 1133 2367; x_wconf 91' lang='lat' dir='ltr'>nullum</span> <span class='ocrx_word' id='word_1_137' title='bbox 1161 2303 1327 2370; x_wconf 84' lang='lat' dir='ltr'>auxilium</span> 
     </span>
     <span class='ocr_line' id='line_1_20' title="bbox 299 2403 1327 2492; baseline 0.001 -20"><span class='ocrx_word' id='word_1_138' title='bbox 299 2407 391 2490; x_wconf 89' lang='lat' dir='ltr'>tulit,</span> <span class='ocrx_word' id='word_1_139' title='bbox 425 2416 480 2471; x_wconf 91' lang='lat' dir='ltr'>aut</span> <span class='ocrx_word' id='word_1_140' title='bbox 502 2407 578 2492; x_wconf 88' lang='lat' dir='ltr'>quia</span> <span class='ocrx_word' id='word_1_141' title='bbox 600 2404 661 2470; x_wconf 89' lang='lat' dir='ltr'>sibi</span> <span class='ocrx_word' id='word_1_142' title='bbox 682 2407 852 2492; x_wconf 80' lang='lat' dir='ltr'>imperium</span> <span class='ocrx_word' id='word_1_143' title='bbox 874 2403 923 2469; x_wconf 88' lang='lat' dir='ltr'>illi</span> <span class='ocrx_word' id='word_1_144' title='bbox 946 2405 1123 2470; x_wconf 89' lang='lat' dir='ltr'>concedere</span> <span class='ocrx_word' id='word_1_145' title='bbox 1143 2407 1327 2474; x_wconf 81' lang='lat' dir='ltr'>noluissent</span> 
     </span>
     <span class='ocr_line' id='line_1_21' title="bbox 263 2505 1325 2596; baseline 0.001 -22"><span class='ocrx_word' id='word_1_146' title='bbox 263 2510 267 2518; x_wconf 86' lang='lat'>&#39;</span> <span class='ocrx_word' id='word_1_147' title='bbox 300 2519 356 2575; x_wconf 89' lang='lat' dir='ltr'>aut</span> <span class='ocrx_word' id='word_1_148' title='bbox 374 2511 450 2596; x_wconf 89' lang='lat' dir='ltr'>quia</span> <span class='ocrx_word' id='word_1_149' title='bbox 473 2513 521 2587; x_wconf 88' lang='lat' dir='ltr'>(ut</span> <span class='ocrx_word' id='word_1_150' title='bbox 541 2505 642 2572; x_wconf 84' lang='lat' dir='ltr'>Siculi</span> <span class='ocrx_word' id='word_1_151' title='bbox 664 2506 789 2594; x_wconf 90' lang='lat' dir='ltr'>dicunt)</span> <span class='ocrx_word' id='word_1_152' title='bbox 814 2507 911 2590; x_wconf 79' lang='lat' dir='ltr'>Gelo,</span> <span class='ocrx_word' id='word_1_153' title='bbox 935 2509 1081 2595; x_wconf 89' lang='lat' dir='ltr'>quamvis</span> <span class='ocrx_word' id='word_1_154' title='bbox 1103 2508 1163 2573; x_wconf 90' lang='lat' dir='ltr'>sub</span> <span class='ocrx_word' id='word_1_155' title='bbox 1185 2511 1325 2596; x_wconf 89' lang='lat' dir='ltr'>imperio</span> 
     </span>
     <span class='ocr_line' id='line_1_22' title="bbox 299 2609 1327 2680; baseline 0.004 -5"><span class='ocrx_word' id='word_1_156' title='bbox 299 2610 626 2675; x_wconf 86' lang='lat' dir='ltr'>Lacedaemoniorum</span> <span class='ocrx_word' id='word_1_157' title='bbox 639 2609 693 2674; x_wconf 86' lang='lat' dir='ltr'>vel</span> <span class='ocrx_word' id='word_1_158' title='bbox 705 2613 751 2675; x_wconf 90' lang='lat' dir='ltr'>sio</span> <span class='ocrx_word' id='word_1_159' title='bbox 761 2619 871 2680; x_wconf 88' lang='lat' dir='ltr'>tamen</span> <span class='ocrx_word' id='word_1_160' title='bbox 884 2609 1025 2675; x_wconf 92' lang='lat' dir='ltr'>subsidio</span> <span class='ocrx_word' id='word_1_161' title='bbox 1040 2619 1193 2676; x_wconf 84' lang='lat' dir='ltr'>venturus</span> <span class='ocrx_word' id='word_1_162' title='bbox 1208 2611 1327 2680; x_wconf 82' lang='lat' dir='ltr'>fuisset</span> 
     </span>
     <span class='ocr_line' id='line_1_23' title="bbox 301 2711 1326 2800; baseline 0.001 -20"><span class='ocrx_word' id='word_1_163' title='bbox 301 2715 440 2794; x_wconf 80' lang='lat' dir='ltr'>Graecis,</span> <span class='ocrx_word' id='word_1_164' title='bbox 461 2713 523 2776; x_wconf 89' lang='lat' dir='ltr'>nisi</span> <span class='ocrx_word' id='word_1_165' title='bbox 546 2711 859 2796; x_wconf 75' lang='lat' dir='ltr'>Carthaginiensium</span> <span class='ocrx_word' id='word_1_166' title='bbox 882 2713 1043 2800; x_wconf 83' lang='lat' dir='ltr'>expeditio</span> <span class='ocrx_word' id='word_1_167' title='bbox 1064 2714 1098 2776; x_wconf 91' lang='lat' dir='ltr'>in</span> <span class='ocrx_word' id='word_1_168' title='bbox 1120 2713 1263 2780; x_wconf 86' lang='lat' dir='ltr'>Siciliam</span> <span class='ocrx_word' id='word_1_169' title='bbox 1285 2737 1326 2781; x_wconf 92' lang='lat' dir='ltr'>se</span> 
     </span>
     <span class='ocr_line' id='line_1_24' title="bbox 298 2801 1326 2902; baseline 0.004 -24"><span class='ocrx_word' id='word_1_170' title='bbox 298 2821 403 2902; x_wconf 87' lang='lat' dir='ltr'>ipsum</span> <span class='ocrx_word' id='word_1_171' title='bbox 425 2816 518 2899; x_wconf 86' lang='lat' dir='ltr'>gravi</span> <span class='ocrx_word' id='word_1_172' title='bbox 537 2813 623 2880; x_wconf 91' lang='lat' dir='ltr'>bello</span> <span class='ocrx_word' id='word_1_173' title='bbox 647 2815 865 2902; x_wconf 86' lang='lat' dir='ltr'>implicuisset.</span> <span class='ocrx_word' id='word_1_174' title='bbox 899 2815 983 2880; x_wconf 88' lang='lat' dir='ltr'>Nam</span> <span class='ocrx_word' id='word_1_175' title='bbox 997 2815 1113 2899; x_wconf 84' lang='lat' dir='ltr'>Thero,</span> <span class='ocrx_word' id='word_1_176' title='bbox 1139 2818 1192 2902; x_wconf 91' lang='lat' dir='ltr'>qui</span> <span class='ocrx_word' id='word_1_177' title='bbox 1213 2801 1326 2882; x_wconf 72' lang='lat' dir='ltr'>rdrum</span> 
     </span>
     <span class='ocr_line' id='line_1_25' title="bbox 298 2917 1325 3004; baseline 0.002 -21"><span class='ocrx_word' id='word_1_178' title='bbox 298 2918 385 3004; x_wconf 88' lang='lat' dir='ltr'>apud</span> <span class='ocrx_word' id='word_1_179' title='bbox 404 2919 633 3002; x_wconf 77' lang='lat' dir='ltr'>Agrigentinos</span> <span class='ocrx_word' id='word_1_180' title='bbox 653 2919 772 3004; x_wconf 89' lang='lat' dir='ltr'>potitus</span> <span class='ocrx_word' id='word_1_181' title='bbox 796 2927 865 2982; x_wconf 88' lang='lat' dir='ltr'>erat</span> <span class='ocrx_word' id='word_1_182' title='bbox 882 2939 1082 3004; x_wconf 82' lang='lat' dir='ltr'>regnumque</span> <span class='ocrx_word' id='word_1_183' title='bbox 1103 2917 1198 2982; x_wconf 89' lang='lat' dir='ltr'>rebus</span> <span class='ocrx_word' id='word_1_184' title='bbox 1222 2922 1325 3004; x_wconf 90' lang='lat' dir='ltr'>gestis</span> 
     </span>
     <span class='ocr_line' id='line_1_26' title="bbox 296 3019 1324 3108; baseline 0.002 -24"><span class='ocrx_word' id='word_1_185' title='bbox 296 3041 493 3106; x_wconf 88' lang='lat' dir='ltr'>magnopere</span> <span class='ocrx_word' id='word_1_186' title='bbox 507 3030 652 3096; x_wconf 85' lang='lat' dir='ltr'>auxerat,</span> <span class='ocrx_word' id='word_1_187' title='bbox 673 3019 832 3084; x_wconf 83' lang='lat' dir='ltr'>Terillum</span> <span class='ocrx_word' id='word_1_188' title='bbox 847 3029 1029 3108; x_wconf 89' lang='lat' dir='ltr'>tyrannum,</span> <span class='ocrx_word' id='word_1_189' title='bbox 1043 3019 1193 3107; x_wconf 90' lang='lat' dir='ltr'>Crinippi</span> <span class='ocrx_word' id='word_1_190' title='bbox 1205 3020 1324 3104; x_wconf 82' lang='lat' dir='ltr'>filium,</span> 
     </span>
     <span class='ocr_line' id='line_1_27' title="bbox 296 3121 1323 3210; baseline 0.004 -24"><span class='ocrx_word' id='word_1_191' title='bbox 296 3121 430 3186; x_wconf 86' lang='lat' dir='ltr'>Himera</span> <span class='ocrx_word' id='word_1_192' title='bbox 452 3121 533 3186; x_wconf 88' lang='lat' dir='ltr'>urhe</span> <span class='ocrx_word' id='word_1_193' title='bbox 555 3123 700 3208; x_wconf 87' lang='lat' dir='ltr'>ejecerat,</span> <span class='ocrx_word' id='word_1_194' title='bbox 724 3123 1012 3187; x_wconf 88' lang='lat' dir='ltr'>acHimerensium</span> <span class='ocrx_word' id='word_1_195' title='bbox 1027 3125 1097 3209; x_wconf 90' lang='lat' dir='ltr'>ipse</span> <span class='ocrx_word' id='word_1_196' title='bbox 1111 3123 1323 3210; x_wconf 86' lang='lat' dir='ltr'>tyrannidem</span> 
     </span>
     <span class='ocr_line' id='line_1_28' title="bbox 297 3223 1324 3312; baseline 0.003 -24"><span class='ocrx_word' id='word_1_197' title='bbox 297 3233 539 3310; x_wconf 76' lang='lat' dir='ltr'>occupaverat.</span> <span class='ocrx_word' id='word_1_198' title='bbox 572 3223 712 3290; x_wconf 85' lang='lat' dir='ltr'>Terillus</span> <span class='ocrx_word' id='word_1_199' title='bbox 743 3235 848 3290; x_wconf 88' lang='lat' dir='ltr'>autern</span> <span class='ocrx_word' id='word_1_200' title='bbox 871 3227 1004 3312; x_wconf 89' lang='lat' dir='ltr'>imperio</span> <span class='ocrx_word' id='word_1_201' title='bbox 1031 3227 1176 3311; x_wconf 88' lang='lat' dir='ltr'>privatus</span> <span class='ocrx_word' id='word_1_202' title='bbox 1195 3227 1324 3292; x_wconf 85' lang='lat' dir='ltr'>Anaxi-</span> 
     </span>
     <span class='ocr_line' id='line_1_29' title="bbox 297 3326 1323 3416; baseline 0.004 -26"><span class='ocrx_word' id='word_1_203' title='bbox 297 3327 385 3390; x_wconf 91' lang='lat' dir='ltr'>laum</span> <span class='ocrx_word' id='word_1_204' title='bbox 411 3326 535 3412; x_wconf 86' lang='lat' dir='ltr'>Rhegii</span> <span class='ocrx_word' id='word_1_205' title='bbox 561 3337 752 3416; x_wconf 85' lang='lat' dir='ltr'>tyrannum,</span> <span class='ocrx_word' id='word_1_206' title='bbox 795 3330 849 3414; x_wconf 91' lang='lat' dir='ltr'>qui</span> <span class='ocrx_word' id='word_1_207' title='bbox 882 3327 984 3392; x_wconf 90' lang='lat' dir='ltr'>filiam</span> <span class='ocrx_word' id='word_1_208' title='bbox 1017 3329 1117 3415; x_wconf 90' lang='lat' dir='ltr'>ipsius</span> <span class='ocrx_word' id='word_1_209' title='bbox 1145 3327 1323 3416; x_wconf 83' lang='lat' dir='ltr'>Cydippen</span> 
     </span>
     <span class='ocr_line' id='line_1_30' title="bbox 295 3429 1323 3516; baseline 0.007 -24"><span class='ocrx_word' id='word_1_210' title='bbox 295 3430 329 3492; x_wconf 94' lang='lat' dir='ltr'>in</span> <span class='ocrx_word' id='word_1_211' title='bbox 360 3431 599 3494; x_wconf 84' lang='lat' dir='ltr'>matrimonium</span> <span class='ocrx_word' id='word_1_212' title='bbox 633 3429 778 3509; x_wconf 87' lang='lat' dir='ltr'>duxerat,</span> <span class='ocrx_word' id='word_1_213' title='bbox 810 3431 889 3514; x_wconf 87' lang='lat' dir='ltr'>adiit</span> <span class='ocrx_word' id='word_1_214' title='bbox 915 3440 1012 3516; x_wconf 89' lang='lat' dir='ltr'>atque</span> <span class='ocrx_word' id='word_1_215' title='bbox 1044 3431 1072 3494; x_wconf 92' lang='lat' dir='ltr'>is</span> <span class='ocrx_word' id='word_1_216' title='bbox 1107 3440 1144 3495; x_wconf 90' lang='lat' dir='ltr'>ut</span> <span class='ocrx_word' id='word_1_217' title='bbox 1171 3453 1323 3499; x_wconf 87' lang='lat' dir='ltr'>socerum</span> 
     </span>
     <span class='ocr_line' id='line_1_31' title="bbox 296 3517 1323 3618; baseline 0.006 -24"><span class='ocrx_word' id='word_1_218' title='bbox 296 3530 504 3595; x_wconf 83' lang='lat' dir='ltr'>ulcisceretur</span> <span class='ocrx_word' id='word_1_219' title='bbox 525 3530 683 3596; x_wconf 86' lang='lat' dir='ltr'>auxilium</span> <span class='ocrx_word' id='word_1_220' title='bbox 706 3517 1060 3618; x_wconf 82' lang='lat' dir='ltr'>aCarthaginiensibus</span> <span class='ocrx_word' id='word_1_221' title='bbox 1083 3535 1207 3618; x_wconf 78' lang='lat' dir='ltr'>petivit</span> <span class='ocrx_word' id='word_1_222' title='bbox 1250 3535 1323 3600; x_wconf 93' lang='lat' dir='ltr'>De·</span> 
     </span>
     <span class='ocr_line' id='line_1_32' title="bbox 239 3632 1322 3721; baseline 0.005 -24"><span class='ocrx_word' id='word_1_223' title='bbox 239 3679 240 3682; x_wconf 63' lang='lat'>,</span> <span class='ocrx_word' id='word_1_224' title='bbox 295 3633 372 3698; x_wconf 90' lang='lat' dir='ltr'>inde</span> <span class='ocrx_word' id='word_1_225' title='bbox 389 3632 623 3718; x_wconf 85' lang='lat' dir='ltr'>Hamilcarem,</span> <span class='ocrx_word' id='word_1_226' title='bbox 658 3633 972 3721; x_wconf 88' lang='lat' dir='ltr'>Carthaginiensium</span> <span class='ocrx_word' id='word_1_227' title='bbox 994 3635 1119 3718; x_wconf 90' lang='lat' dir='ltr'>ducem,</span> <span class='ocrx_word' id='word_1_228' title='bbox 1151 3636 1193 3702; x_wconf 90' lang='lat' dir='ltr'>ad</span> <span class='ocrx_word' id='word_1_229' title='bbox 1218 3639 1322 3702; x_wconf 79' lang='lat' dir='ltr'>susci-</span> 
     </span>
     <span class='ocr_line' id='line_1_33' title="bbox 293 3734 1322 3823; baseline 0.005 -23"><span class='ocrx_word' id='word_1_230' title='bbox 293 3734 446 3821; x_wconf 88' lang='lat' dir='ltr'>piendam</span> <span class='ocrx_word' id='word_1_231' title='bbox 474 3736 711 3823; x_wconf 83' lang='lat' dir='ltr'>expeditionem</span> <span class='ocrx_word' id='word_1_232' title='bbox 743 3737 884 3802; x_wconf 83' lang='lat' dir='ltr'>&#39;Perillus</span> <span class='ocrx_word' id='word_1_233' title='bbox 917 3737 1070 3802; x_wconf 86' lang='lat' dir='ltr'>inducere</span> <span class='ocrx_word' id='word_1_234' title='bbox 1098 3746 1236 3803; x_wconf 89' lang='lat' dir='ltr'>conatus</span> <span class='ocrx_word' id='word_1_235' title='bbox 1259 3751 1322 3822; x_wconf 86' lang='lat' dir='ltr'>est,</span> 
     </span>
     <span class='ocr_line' id='line_1_34' title="bbox 227 3837 1320 3932; baseline 0.007 -32"><span class='ocrx_word' id='word_1_236' title='bbox 227 3909 233 3914; x_wconf 13' lang='lat' dir='ltr'>y</span> <span class='ocrx_word' id='word_1_237' title='bbox 293 3837 389 3923; x_wconf 88' lang='lat' dir='ltr'>hujus</span> <span class='ocrx_word' id='word_1_238' title='bbox 425 3857 520 3924; x_wconf 87' lang='lat' dir='ltr'>opem</span> <span class='ocrx_word' id='word_1_239' title='bbox 552 3861 611 3926; x_wconf 89' lang='lat' dir='ltr'>pro</span> <span class='ocrx_word' id='word_1_240' title='bbox 643 3840 772 3932; x_wconf 81' lang='lat' dir='ltr'>hospitii</span> <span class='ocrx_word' id='word_1_241' title='bbox 789 3841 864 3926; x_wconf 87' lang='lat' dir='ltr'>jure</span> <span class='ocrx_word' id='word_1_242' title='bbox 892 3840 1077 3927; x_wconf 88' lang='lat' dir='ltr'>implorans.</span> <span class='ocrx_word' id='word_1_243' title='bbox 1132 3839 1320 3908; x_wconf 84' lang='lat' dir='ltr'>Anaxilaus</span> 
     </span>
     <span class='ocr_line' id='line_1_35' title="bbox 292 3941 1321 4030; baseline 0.008 -26"><span class='ocrx_word' id='word_1_244' title='bbox 292 3943 415 4007; x_wconf 86' lang='lat' dir='ltr'>interea</span> <span class='ocrx_word' id='word_1_245' title='bbox 439 3941 613 4026; x_wconf 82' lang='lat' dir='ltr'>plurimum</span> <span class='ocrx_word' id='word_1_246' title='bbox 645 3942 694 4006; x_wconf 91' lang='lat' dir='ltr'>illi</span> <span class='ocrx_word' id='word_1_247' title='bbox 724 3942 800 4008; x_wconf 91' lang='lat' dir='ltr'>duci</span> <span class='ocrx_word' id='word_1_248' title='bbox 829 3945 1004 4030; x_wconf 83' lang='lat' dir='ltr'>persuasit,</span> <span class='ocrx_word' id='word_1_249' title='bbox 1038 3951 1075 4009; x_wconf 89' lang='lat' dir='ltr'>ut</span> <span class='ocrx_word' id='word_1_250' title='bbox 1106 3945 1140 4010; x_wconf 90' lang='lat' dir='ltr'>in</span> <span class='ocrx_word' id='word_1_251' title='bbox 1170 3943 1321 4012; x_wconf 84' lang='lat' dir='ltr'>Siciliam</span> 
     </span>
    </p>
   </div>
   <div class='ocr_carea' id='block_1_8' title="bbox 0 0 1464 5046">
    <p class='ocr_par' dir='ltr' id='par_1_8' title="bbox 0 0 1464 5046">
     <span class='ocr_line' id='line_1_36' title="bbox 0 0 1464 5046; baseline 0 3"><span class='ocrx_word' id='word_1_252' title='bbox 0 0 1464 5046; x_wconf 95' lang='lat' dir='ltr'> </span> 
     </span>
    </p>
   </div>
  </div>
 </body>
</html>
