2920 5046
787 481 839 586 ’48

371 1287 465 1353 Nunc
485 1287 527 1353 ad
548 1288 751 1374 quaestiones
772 1287 947 1354 nonnullas
978 1311 1020 1354 ex
1042 1285 1173 1353 Gelonis
1196 1287 1335 1354 historia

307 1388 531 1477 disquirendas
553 1412 612 1454 nos
635 1389 852 1474 conferamus,
887 1412 970 1477 quae
996 1389 1084 1477 apud
1112 1399 1258 1456 auctores
1276 1411 1335 1454 ve-

306 1500 390 1557 teres
411 1491 621 1569 dissentiunt,
654 1513 800 1580 quaeque
821 1515 841 1558 a
861 1492 1090 1558 recentioribus
1112 1514 1241 1579 quoque
1262 1514 1334 1558 non

306 1595 383 1659 satie
402 1602 550 1660 accurate
570 1601 724 1659 tractatae
752 1603 836 1665 eunt.
879 1595 1023 1659 Primum
1045 1595 1144 1681 igitur
1168 1594 1247 1660 mihi
1274 1616 1334 1658 ne-

304 1715 394 1760 cesse
409 1703 456 1760 est
470 1695 511 1761 de
526 1693 659 1761 Gelonis
671 1704 815 1783 tempore
829 1696 946 1765 deinde
958 1697 999 1761 de
1015 1695 1146 1762 foedere
1159 1695 1334 1762 Persarum

305 1805 339 1862 et
359 1796 690 1884 Carthaginiensium,
713 1799 852 1887 denique
874 1799 915 1864 de
936 1798 989 1864 die
1009 1819 1139 1886 pugnae
1162 1799 1334 1863 Himeren-

305 1899 350 1964 sis
368 1899 476 1964 facere
497 1898 605 1966 verba.

367 1999 533 2067 Nonnulla
553 2003 693 2089 primum
714 2004 755 2069 de
778 2013 923 2092 tempore
946 2005 1106 2088 dicamus,
1139 2026 1201 2091 quo
1232 2002 1335 2069 hierii

305 2102 387 2169 Gelo
418 2105 497 2191 quia
527 2105 591 2169 viri
621 2106 707 2172 docti
734 2107 794 2172 hac
822 2107 864 2172 de
889 2129 925 2173 re
953 2108 1037 2173 inter
1065 2128 1099 2172 se
1130 2127 1334 2192 magnopere

303 2205 504 2278 dissentiunt.

302 2429 363 2475 nec
384 2431 448 2497 quo
469 2411 573 2478 editus
595 2414 628 2478 in
650 2413 755 2480 lucem
778 2436 879 2493 anno,
906 2435 1014 2501 nequo
1035 2413 1210 2495 habemus,
1237 2413 1332 2494 unde

301 2510 366 2576 hoc
393 2512 602 2598 probabiliter
629 2517 786 2603 conjicere
818 2516 921 2582 liceat.
978 2515 1031 2581 Ex
1051 2515 1197 2581 Diodoro
1218 2523 1331 2578 autem

301 2633 376 2677 eum
408 2635 494 2680 anno
521 2615 573 2684 01.
594 2616 731 2683 LXXV.
767 2619 862 2683 tertio
892 2639 959 2705 quo
994 2617 1092 2683 frater
1123 2617 1191 2703 ejus
1223 2605 1330 2682 Hiero

300 2735 435 2801 regnum
454 2717 662 2804 inchoaverit,
683 2728 845 2786 mortuum
867 2742 938 2786 esse
957 2721 1178 2806 comperimus.

216 2850 221 2858 ·
364 2816 473 2884 (lausa
493 2817 581 2885 illius
605 2820 770 2888 dissensus
800 2845 843 2888 ex
866 2825 913 2888 eis
933 2824 1049 2902 oritur,
1077 2843 1162 2910 quac
1184 2819 1328 2909 Dionys.

298 2917 376 2984 Hal.
393 2918 470 2985 locis
500 2943 599 3008 supra
615 2923 768 2991 'laudatis
796 2934 829 2990 et
849 2925 988 2991 Pausan.
1012 2924 1079 3008 vl,
1101 2919 1133 3008 9,
1154 2921 1178 2989 4
1204 2946 1329 2990 memo-

297 3029 388 3105 rant,
435 3021 593 3090 Gelonem
629 3024 863 3112 Syracusarum
899 3026 1104 3113 tyrannidem
1145 3027 1328 3094 obtinuisse

297 3123 349 3193 Ol.
371 3123 522 3204 LXXII,
544 3120 575 3195 2.
618 3125 672 3191 Dc
696 3127 847 3215 Dionysii
872 3129 943 3195 loco
970 3129 1069 3217 paulo
1097 3138 1172 3195 ante
1198 3129 1327 3194 dictum

298 3233 363 3290 est:
395 3225 573 3292 Pausanias
594 3247 672 3293 vero
694 3231 813 3316 passim
835 3253 941 3296 rerum
963 3230 1142 3297 Sicularum
1162 3231 1327 3298 meminite

296 3325 426 3394 Laudat
446 3327 641 3395 Antiochum
661 3330 719 3410 X„
744 3331 796 3416 11,
817 3326 857 3413 3,
888 3333 1061 3400 Philistum
1082 3339 1127 3415 L,
1149 3328 1180 3416 3,
1200 3327 1236 3410 9,
1270 3332 1326 3415 V.,

296 3422 349 3510 23,
373 3424 410 3510 63
433 3428 518 3494 malo
538 3431 670 3518 quidem
692 3433 824 3501 edoctus
845 3444 895 3501 est
916 3434 958 3501 de
978 3434 1088 3501 Sicilia
1108 3434 1185 3518 Ν,
1205 3430 1266 3512 23,
1289 3431 1324 3501 6.

297 3528 349 3614 V,
366 3526 420 3614 25,
441 3527 474 3598 5.
515 3531 568 3616 X,
591 3529 640 3614 11,
660 3529 692 3600 3.
734 3535 804 3614 VI,
824 3533 854 3617 9,
873 3535 911 3620 43
944 3537 1007 3603 hoc
1038 3545 1215 3625 prostremo
1246 3536 1323 3603 loco

296 3637 425 3697 'currum
446 3634 609 3722 quendam
632 3633 768 3702 Gelonis
783 3640 911 3705 ‘donum
933 3640 1032 3705 fuisse
1055 3647 1227 3721 memorat,
1258 3638 1322 3704 filii

295 3732 503 3819 Dinomenis,
535 3737 646 3804 dicens
668 3760 780 3805 omnes
802 3740 888 3806 hunc
911 3750 1085 3829 tyrannum
1105 3741 1199 3807 illum
1219 3739 1323 3806 fixisse

295 3837 444 3923 'credere3
464 3840 539 3926 quia
562 3849 670 3906 autem
692 3841 813 3909 donum
834 3842 914 3908 illud
936 3866 979 3910 ex
991 3843 1205 3910 01.Lxxm.
1221 3852 1320 3926 assat,

193 3993 205 4002 .
295 3936 377 4008 Gelo
405 3961 483 4009 vero
505 3941 558 4014 Ol.
580 3943 731 4030 LXXII,
751 3941 775 4013 2
796 3944 975 4034 Syracusas
996 3939 1231 4036 occupavisset,
1252 3945 1319 4014 hoc

309 655 389 737 nihil
402 672 532 738 omnino
544 693 617 738 cum
628 670 785 738 Romanis
808 671 910 756 egerit
932 679 965 738 et
984 671 1120 738 sortasse
1135 672 1214 758 quin
1230 669 1334 737 lomes

308 773 431 840 Romae
457 775 520 840 hoc
550 796 634 840 anno
654 777 788 841 'omnino
811 797 878 840 non
906 772 1020 853 fucrit,
1052 797 1117 842 non
1138 773 1334 840 dubitamus.
1454 773 1455 824 l

309 875 405 957 (conf.
428 875 622 962 Schwcgler.
646 877 730 944 Hist.
752 877 846 943 Rom.
865 883 920 960 ΙΙ,
944 900 976 963 p.
1000 872 1088 960 366.)

366 2306 438 2388 Quo
461 2311 502 2375 sit
520 2309 592 2376 loco
613 2319 701 2378 ortus
724 2311 806 2378 Gelo
833 2333 994 2400 nusquam
1024 2263 1161 2377 relatum
1190 2309 1332 2395 legimus
1455 2387 1456 2390 Ἴ
