2920 5046
758 380 820 467 ‚40

288 583 434 660 tempora
472 571 696 658 descripsisse,
742 571 813 636 fieri
856 592 923 637 non
963 571 1082 656 potuit,
1123 578 1158 634 ut
1192 568 1308 654 Pomp.

288 675 398 760 Trogo
422 683 488 741 tarn
517 672 667 757 diligenti
694 675 816 739 auctori
847 672 899 738 hic
917 672 1117 759 Theopompi
1144 671 1309 756 digressus

289 777 507 845 satisfecisset.
559 770 660 840 Multo
684 797 760 860 ergo
788 777 909 862 majore
934 773 1159 861 probabilitate
1180 782 1314 838 conten*

289 878 396 945 dimus
414 878 594 958 Timaeum,
617 878 672 962 qui
693 877 840 943 historias
851 875 976 942 Siculas
999 875 1085 942 solas
1103 877 1239 962 scripsit,
1260 874 1309 938 hi·

290 983 407 1047 storiae
431 1002 559 1068 quoque
573 989 605 1045 et
623 980 756 1065 originis
770 977 1097 1062 Carthaginiensium,
1118 976 1311 1064 quibuscum

289 1082 391 1148 Siculi
414 1081 530 1148 Graeci
548 1080 633 1146 bella
654 1082 805 1147 continua
824 1079 989 1165 gerebant,
1010 1081 1203 1148 meminisse,
1235 1077 1313 1143 Hoc

289 1191 455 1272 praeterea
487 1181 693 1248 confirmata
725 1183 851 1248 Timaei
884 1181 990 1266 irgmt
1012 1175 1055 1248 23
1084 1187 1240 1267 (excerpt.
1268 1203 1314 1245 ex

290 1284 361 1354 cod.
383 1285 504 1354 Matrit
524 1283 567 1350 ad
589 1283 711 1350 calcem
739 1283 894 1372 Polyaen.
915 1283 965 1354 cd
990 1283 1150 1370 Tychsen.
1174 1285 1209 1347 in
1231 1282 1314 1348 bibl.

289 1387 377 1454 (iott.
406 1386 488 1458 liter.
519 1396 551 1454 et
578 1395 637 1452 art.
664 1395 730 1452 ant.
753 1385 828 1467 Vl,
858 1382 1164 1471 p.1l'›:(¹)seooori).
1218 1385 1316 1451 Hanc

290 1491 377 1554 enim
396 1489 548 1554 Timaeus
572 1488 772 1553 Phoenicum
792 1485 904 1572 lingua
927 1487 1091 1554 Helissam
1116 1487 1317 1574 appellatam

288 1589 510 1676 Pygmalionis
534 1611 675 1656 sororem
697 1609 768 1655 esse
788 1589 881 1672 dicit,
914 1590 1000 1674 regis
1020 1589 1208 1676 Tyriorum,
1231 1610 1318 1676 quae

290 1690 521 1776 Carthaginem
544 1691 580 1755 in
600 1689 708 1778 Libya
731 1689 925 1758 condidisset
947 1713 995 1778 sq.

351 1792 483 1860 Deinde
515 1791 698 1860 Haerenius
735 1793 895 1875 „aecedit,
932 1794 1052 1880 inquit,
1088 1793 1175 1881 qnod
1211 1795 1319 1860 omnis

289 1896 369 1961 haec
395 1883 437 1962 de
464 1893 658 1981 Carthagine
686 1896 826 1961 narratio
854 1895 929 1962 talis
958 1897 1015 1979 sit,
1051 1904 1088 1960 ut
1109 1896 1319 1983 Theopompi

288 1999 456 2083 ingenium
487 1996 625 2086 prodere
656 1997 814 2066 rideatur.
873 1997 965 2078 Quae
999 2000 1087 2066 enim
1118 1998 1160 2065 de
1189 1999 1318 2083 origine

288 2101 360 2187 ipsa
382 2099 469 2166 urbis
491 2109 628 2183 enarrat,
648 2108 756 2165 noster
777 2099 925 2181 (XVIII,
949 2096 981 2184 4,
1001 2098 1035 2183 5)
1056 2123 1146 2167 more
1166 2122 1224 2167 sno
1246 2123 1318 2187 my·

289 2203 353 2268 this
389 2223 429 2268 ac
464 2200 582 2268 fabulis
623 2204 819 2274 exornavit.“
885 2202 956 2284 §ed
998 2203 1084 2270 hanc
1124 2203 1319 2270 sententiam

284 2305 355 2392 jam
373 2303 536 2370 Diodorus
557 2305 627 2390 ipse
646 2303 763 2370 refutat
783 2304 853 2388 IV,
878 2301 907 2388 1,
926 2301 963 2372 3:
1001 2305 1241 2392 ,Καλλισθένης
1261 2307 1319 2370 καὶ

292 2402 494 2490 Θεόπομπος
516 2403 705 2492 ἀπέστησαν
726 2409 789 2474 τῶν
811 2407 956 2475 παλαιῶν
977 2409 1111 2491 μῦθων“
1143 2407 1229 2496 quod
1257 2407 1318 2474 ali-

288 2508 375 2574 unde
396 2508 491 2575 etiam
514 2509 737 2594 cognovimus.
793 2509 897 2576 immo
919 2532 997 2576 vero
1019 2511 1172 2578 Timaeus
1199 2511 1318 2576 harum

288 2609 469 2678 fabularum
491 2609 565 2676 fons
586 2609 661 2676 fuit:
694 2635 771 2682 nam
794 2633 868 2678 eum
890 2621 1022 2700 propter
1043 2614 1160 2682 multas
1182 2624 1215 2680 et
1239 2613 1319 2679 ridi-

288 2711 377 2780 culas
398 2711 544 2797 fabulas,
578 2733 659 2800 quas
681 2717 770 2802 operi
791 2716 936 2798 inseruit,
959 2736 1140 2802 cognomen
1159 2718 1318 2802 yocooot·

286 2815 412 2902 λέκτρια
435 2815 605 2899 habuisse,
636 2817 709 2904 quis
737 2824 785 2882 est
812 2819 866 2904 qui
896 2809 1049 2904 ignoret?
1088 2819 1319 2886 Dubitandum

287 2918 385 3002 igitur
419 2940 486 2984 non
519 2927 584 3002 est,
628 2919 706 3004 quin
741 2919 894 2986 Timaeus
932 2922 967 2988 in
1000 2917 1083 2990 Just
1116 2921 1189 3004 IV.,
1220 2922 1254 3001 1,
1280 2918 1317 3006 2,

286 3017 483 3101 xv111.,4‚
516 3014 556 3102 5,
589 3041 673 3085 unus
701 3019 774 3086 fons
802 3021 906 3091 fuerit.
961 3022 1001 3090 In
1036 3026 1149 3090 ceteris
1181 3023 1318 3112 quidem

288 3119 416 3187 Siciliae
456 3122 607 3190 historiae
650 3123 796 3208 partibus
838 3146 859 3190 a
892 3125 1004 3209 ΧΙΧ.,
1048 3123 1067 3192 1
1101 3150 1150 3214 sq.
1193 3149 1318 3212 negare

286 3245 353 3290 non
375 3243 546 3310 possumus
592 3224 736 3311 Trogum
765 3227 919 3314 imprimis
948 3228 1195 3317 Theopompum
1220 3251 1317 3318 prae·

288 3333 337 3392 ter
355 3324 527 3398 ¹Timaeum
559 3326 674 3392 ducem
702 3339 873 3416 sequutum
907 3352 987 3398 esse.
1043 3331 1099 3398 Sic
1131 3331 1186 3398 lib.
1217 3331 1316 3400 XIX.

289 3435 387 3514 caput
419 3428 560 3515 primum
594 3429 745 3496 omnibus
778 3431 846 3498 fere
881 3435 914 3498 in
945 3432 1043 3504 rebus
1077 3458 1098 3501 a
1128 3435 1316 3502 narratione

287 3527 413 3595 Timaei
433 3529 592 3617 dissentit,
615 3555 712 3622 quam
727 3533 770 3601 ob
786 3557 859 3602 ,rem
877 3536 972 3624 hujus
991 3537 1104 3626 capitis
1120 3537 1193 3604 lons
1207 3537 1316 3605 Theo—

286 3653 426 3720 pompus
447 3633 516 3701 fuit

373 3733 577 3824 Quamquam
600 3761 642 3805 ex
661 3738 780 3806 Justini
801 3743 987 3809 narratione
1007 3742 1141 3812 Gelonis
1161 3727 1316 3815 hntoriae

286 3835 431 3909 nt'litatis
454 3839 534 3906 nihil
558 3843 718 3928 capimus,
738 3851 848 3910 tamen
870 3866 925 3912 eos
949 3844 1040 3913 locos
1060 3847 1096 3914 in
1117 3845 1232 3934 quibus
1253 3845 1314 3918 du-
