2920 5046
622 479 665 556 15

190 673 245 738 Ex
266 673 428 740 Hellanici
449 673 635 760 fragmentis
663 673 717 738 hie
738 674 770 738 in
798 691 933 738 censum
953 673 1064 742 veniat
1087 667 1161 757 104,

128 777 184 843 ubi
211 777 239 842 is
269 775 385 842 Gelam
414 775 575 842 coloniam
604 798 723 842 nomen
753 775 915 861 accepisse
944 774 1021 841 dicit
1048 797 1069 841 a
1098 773 1161 841 Ge·

130 879 205 944 lone
226 879 354 946 Aetnae
377 889 409 945 et
428 879 567 967 Hymari
591 878 668 945 filio.
703 877 889 945 Herodotus
900 899 978 944 vero
1001 877 1097 945 aliam
1119 878 1162 944 de

131 979 214 1047 Gela
238 980 370 1048 condita
394 981 492 1047 habet
521 983 724 1066 memoriam;
755 989 868 1047 contra
889 979 1038 1069 Thucyd.
1059 981 1117 1052 VI.
1140 977 1163 1048 4

129 1086 179 1151 καὶ
206 1088 247 1173 τῇ
269 1087 329 1168 μὲν
358 1083 455 1151 πόλει
475 1079 545 1151 ἀπὸ
569 1084 628 1152 τοῦ
650 1085 733 1152 Γέλα
758 1085 910 1167 ποταμοῦ
937 1075 1079 1167 τοῦνομα
1098 1081 1162 1168 ire·

130 1209 212 1255 aare.
260 1186 314 1267 (cf.
334 1187 434 1256 schol.
459 1187 502 1252 ad
521 1187 615 1258 Pind,
638 1187 691 1254 Ol.
714 1186 757 1256 11.
781 1183 832 1254 14.
876 1185 970 1253 Paus.
985 1175 1076 1258 VIII.
1096 1183 1163 1270 46).

194 1289 263 1357 Sed
285 1292 440 1356 memoria
459 1291 532 1378 ipsa
558 1289 703 1356 coloniae
724 1289 891 1376 cujusdam
921 1288 1073 1356 conditae
1094 1289 1164 1356 diu-

130 1395 251 1460 tissime
282 1394 316 1457 in
338 1393 464 1480 populi.
480 1415 535 1458 ore
556 1403 703 1459 versatur
724 1392 877 1479 ideoque,
906 1413 991 1478 quae
1016 1391 1057 1458 de
1079 1391 1165 1458 colo·

132 1497 186 1561 nia
208 1495 341 1562 condita
364 1493 447 1560 Gela
465 1500 625 1580 narravit,
655 1494 840 1562 Herodotus
873 1516 973 1582 quum
995 1496 1029 1559 in
1051 1483 1164 1561 Sicilia

131 1597 233 1682 fuerit,
259 1598 300 1663 ab
322 1598 435 1664 ineolis
457 1601 536 1686 ipsis
559 1600 691 1665 audivit.
729 1597 883 1664 Ounetari
905 1617 1067 1681 ergeuen
1089 1619 1165 1685 pos-

133 1723 242 1768 sumus
266 1703 306 1766 iis
327 1703 492 1785 assentiri,
528 1703 584 1790 qui
607 1699 808 1767 Herodotum
835 1698 926 1774 illurn
957 1701 1165 1787 exscripsisse

133 1813 264 1889 negant,
288 1827 388 1892 quum
411 1805 445 1868 in
467 1804 600 1892 reliquis
619 1803 821 1868 historiarum
843 1803 1008 1890 partibus,
1035 1812 1105 1869 tum
1128 1803 1163 1870 iu

132 1905 193 1972 hac
213 1906 256 1972 de
279 1907 376 1972 rebus
401 1906 536 1973 Gelonis
559 1907 657 1992 gestis
678 1904 890 1990 digressione.
1204 1900 1209 1906 ’

195 2009 350 2075 Nostrum
373 2011 471 2095 igitur
493 2017 670 2092 auctorem,
701 2008 756 2096 qui
779 2008 845 2073 alia
873 2031 915 2074 ex
937 2008 1011 2074 aliis
1032 2011 1164 2096 scripto·

132 2111 220 2178 ribus
241 2111 403 2196 hauserit,
427 2112 488 2178 hae
509 2115 542 2178 in
566 2115 672 2201 operis
695 2119 786 2199 parte
806 2111 921 2176 horum
942 2111 1065 2178 nullum
1088 2120 1165 2178 ante

133 2215 243 2282 oeulos
266 2215 415 2280 habuisse
436 2215 607 2304 probatum
625 2213 769 2298 videtur3
803 2213 861 2280 sed
890 2208 1101 2302 quaeeunque
1123 2213 1165 2280 de

133 2316 241 2392 Sicilia
263 2320 427 2384 enarravit
445 2317 717 2384 enarrationibus
736 2326 804 2382 tum
827 2319 971 2403 ipsorum
983 2316 1166 2382 Siculorum

133 2429 199 2486 tum
222 2421 535 2506 Carthaginiensium
556 2440 637 2507 quos
659 2419 715 2485 ille
737 2418 908 2486 offenderit
934 2418 1085 2505 fluxisse,
1120 2441 1167 2486 se·

134 2526 244 2610 quenti
267 2522 568 2590 demonstrabimus.
672 2567 687 2582 ,

60 2618 66 2622 ’
194 2625 380 2692 Herodotus
403 2629 471 2713 ipse
483 2624 626 2690 Siciliam
647 2627 840 2712 peragravit.
877 2624 952 2691 Hoc
971 2625 1043 2691 loco
1067 2646 1167 2712 quum

136 2731 355 2816 quaestionem
387 2729 476 2794 illam
511 2727 691 2815 disceptare
722 2750 787 2794 non
821 2731 998 2814 possimus,
1036 2727 1166 2815 quando

135 2842 242 2897 noster
264 2834 380 2897 itinera
402 2855 461 2921 sua
486 2832 663 2918 susceperit
685 2853 832 2919 quaeque
865 2831 938 2896 viae
960 2848 1012 2896 ac'
1026 2831 1167 2895 rationes

137 2953 207 2999 eum
239 2934 437 3022 adjuverint,
464 2945 590 3000 tantum
619 2935 672 3026 hie
693 2933 866 2999 dicendum
889 2935 945 3016 sit,
980 2953 1054 2997 eum
1079 2941 1187 2998 certo¹

20 3079 21 3084 κ
135 3045 203 3102 tum
224 3036 356 3103 demum
385 3038 418 3123 in
440 3036 584 3102 Siciliam
613 3036 792 3124 profectum
819 3059 906 3114 esse,
942 3058 1042 3124 quum
1061 3043 1169 3100 cetera

137 3137 364 3228 longinquiora
399 3139 535 3206 feliciter
569 3141 681 3206 itinera
707 3139 910 3228 explicuerit.
955 3137 1168 3204 Athenienses

136 3246 221 3310 enim
243 3265 328 3310 anno
348 3242 640 3332 quadrigentesimo
666 3243 912 3330 quadragesimo
941 3251 1055 3329 quarto
1077 3261 1169 3328 prae·

137 3349 232 3434 cipue
253 3347 378 3412 Pericle
400 3358 530 3411 auctore
553 3347 623 3412 loco
645 3369 665 3410 a
689 3345 884 3412 Crotoniatis
912 3366 1045 3412 eversae
1067 3342 1169 3430 Syba-

96 3522 98 3526 ,
136 3451 180 3514 ris
211 3449 304 3515 urbis
336 3447 496 3514 coloniam
527 3448 711 3514 condidisse
746 3470 922 3534 omnesque
948 3447 1090 3512 Graecos
1127 3445 1171 3511 ad

137 3549 198 3616 hcc
220 3553 407 3616 invitavisse
429 3551 500 3640 quis
526 3561 575 3616 est
610 3551 665 3638 qui
687 3542 840 3616 ‘neseiat‘i
884 3549 1069 3616 Herodotus
1093 3539 1171 3636 quo·

138 3675 202 3742 que
225 3653 385 3721 coloniam
406 3653 627 3719 deducendam
651 3653 889 3742 subsequuntur
908 3661 966 3725 est.
999 3650 1038 3724 cf.
1061 3649 1169 3723 Strah.

127 3743 228 3824 XIV.
251 3754 290 3842 23
312 3758 396 3827 Plut.
422 3758 464 3823 de
485 3757 583 3824 exilio
606 3755 656 3828 13.

200 3859 275 3927 Iam
305 3859 435 3950 quidem
462 3884 535 3928 eum
564 3861 694 3929 Thuriis
725 3863 759 3927 in
788 3867 980 3948 perpetuum
1009 3855 1172 3924 habitasse

140 3966 282 4051 cogitare
305 3989 372 4032 non
394 3989 582 4054 possumus,
605 3988 683 4034 vere
706 3965 815 4054 potius
836 3961 1066 4054 peregrinandi
1088 3961 1174 4050 cupi-
