2920 5046
830 505 874 578 20

340 695 449 785 erunl3
481 695 692 786 gravissimae
724 703 799 764 sunt
827 698 988 786 jacturae,
1025 717 1159 786 quarum
1192 692 1367 782 plerasque

341 807 462 892 exigua
484 824 557 889 spes
580 809 628 866 est
650 821 794 888 unquam
814 809 997 888 reparatum
1021 800 1069 869 iri.

404 905 501 974 Fides
521 925 597 990 ergo
621 912 719 991 atque
740 904 911 969 auctoritas
933 925 1061 985 eorum,
1095 924 1178 989 quae
1200 903 1367 968 Diodorus

340 1017 449 1076 narrat
472 1007 513 1075 ad
526 1029 580 1073 eos
601 1003 695 1088 redit,
716 1004 804 1072 unde
815 1005 963 1072 historias
978 1004 1092 1072 hausit.
1125 1003 1160 1070 Si
1171 1027 1246 1071 vero
1258 1006 1367 1093 operis

340 1114 438 1179 totius
450 1111 639 1198 gravitatem
660 1109 855 1174 constituere
866 1107 1013 1190 velimus,
1037 1106 1155 1196 quibus
1167 1107 1367 1194 expertibus

341 1215 554 1304 compositum
567 1213 608 1278 sit
617 1219 715 1299 atque
725 1232 783 1276 eae
795 1212 885 1297 ipsae
894 1209 1009 1298 quibus
1026 1233 1067 1276 ex
1079 1208 1220 1276 fontibus
1233 1209 1367 1277 haustae

212 1377 214 1381 ,
340 1320 413 1403 sint,
433 1315 566 1382 definire
586 1337 668 1404 opus
690 1321 746 1380 ost.
791 1313 952 1400 Rem1pro
974 1312 1154 1400 approbata
1175 1314 1373 1402 accipimus,

340 1430 486 1489 auctores
507 1417 597 1484 velut
619 1415 812 1500 Diodorum,
835 1415 985 1481 Cassium
1006 1415 1158 1498 Dionem,
1182 1416 1367 1500 Arrianum,
1443 1469 1444 1478 ,

338 1523 550 1590 Plutarchum
586 1520 646 1586 has
683 1519 744 1585 sibi
778 1519 869 1605 leges
900 1519 1149 1598 constrinxisse,
1198 1529 1234 1584 ut
1263 1542 1366 1585 unum
1443 1525 1444 1538 ³

340 1627 529 1714 scriptorem
570 1624 693 1689 fontem
727 1619 941 1711 principalem
979 1611 1168 1704 habuerint,
1207 1622 1366 1688 nonnulla

340 1728 405 1795 alia
437 1727 607 1793 occasione
639 1725 716 1790 data
750 1723 882 1790 aliunde
912 1725 1139 1811 excerpserint
1191 1723 1264 1790 Hoc
1293 1724 1365 1791 loco

340 1853 440 1920 quum
472 1851 585 1894 omnes
620 1837 781 1911 auctores,
817 1848 859 1890 ex
885 1825 1000 1914 quihus
1030 1827 1171 1892 hauserit
1200 1828 1365 1894 Diodorus

338 1954 519 2000 memorare
546 1952 721 2018 conumque
751 1931 885 1996 virtutes
913 1930 1056 2017 vitiaque
1085 1951 1277 2016 percensere
1297 1931 1366 1997 lon·

339 2059 417 2124 gum
438 2037 488 2118 sit,
512 2031 555 2098 ad
578 2032 614 2098 0·
637 2032 757 2120 Heynii
778 2031 928 2098 libellum
949 2034 984 2098 in
1007 2031 1186 2104 comment.
1201 2033 1275 2101 Soc.
1289 2033 1365 2100 (iot

338 2142 418 2227 ting.
440 2132 540 2220 1782,
562 2133 621 2220 V.,
643 2159 675 2223 p.
697 2131 740 2202 89
759 2157 807 2223 sq.
850 2129 951 2217 1784,
973 2135 1065 2215 VII.,
1086 2159 1117 2224 p.
1143 2133 1185 2203 75
1208 2161 1255 2226 sq.
1278 2137 1364 2202 dele-

339 2263 465 2328 gamus,
487 2242 542 2328 qui
557 2238 686 2327 quidem
703 2261 745 2303 ex
756 2259 867 2304 eorum
886 2238 1080 2322 nominibus,
1103 2261 1184 2327 quos
1199 2239 1364 2308 Diodorus

338 2341 458 2428 laudat,
482 2327 555 2408 eum
580 2341 629 2406 his
652 2325 800 2407 omnibus
823 2363 918 2406 usum
941 2363 1011 2406 esse
1031 2341 1113 2407 falso
1135 2342 1268 2430 colligit.
1310 2344 1365 2410 Sic

337 2446 485 2534 Heynius
512 2444 666 2510 historiae
691 2442 835 2510 Graecae
856 2443 994 2510 Diodori
1025 2443 1130 2511 fontes
1160 2468 1227 2512 non
1257 2449 1365 2512 minus

336 2571 435 2636 quam
464 2556 534 2614 octo
559 2556 704 2613 auctores
734 2548 951 2630 enumeravit,
979 2548 1062 2612 inter
1093 2567 1174 2635 quos
1203 2548 1363 2638 Dionyso·

336 2649 450 2717 dorum
487 2673 628 2741 quoque·
648 2657 679 2715 et
709 2650 868 2732 Anaxim,
904 2648 984 2736 duos
1013 2649 1178 2732 Boeotios,
1208 2654 1265 2740 qui
1297 2652 1364 2716 fere

335 2753 429 2821 nobis
449 2755 551 2842 ignoti
574 2763 664 2836 sunt,
689 2751 747 2838 (cf.
771 2751 866 2818 Voss.
894 2752 935 2817 de
964 2751 1038 2818 hist.
1065 2775 1171 2840 graec.
1195 2777 1227 2841 p.
1250 2751 1316 2820 414
1335 2763 1364 2820 et

335 2856 483 2922 Mueller.
504 2858 612 2945 irgmt.
635 2855 708 2924 hist.
732 2854 845 2924 Graec.
869 2855 920 2936 Π,
942 2851 997 2939 84)
1018 2857 1094 2921 item
1118 2866 1189 2922 octo
1211 2856 1364 2923 historiae

335 2958 465 3025 Siculae
487 2967 653 3043 memorat,
678 2980 814 3047 quorum
829 2957 1015 3045 Polycletus
1037 2957 1227 3025 Larissaeus
1248 2955 1364 3054 (Dind.

334 3061 439 3144 XIII,
459 3056 513 3142 83)
535 3061 615 3127 alias
637 3084 703 3127 non
725 3060 883 3128 laudatur.
929 3061 1076 3142 Quorum
1097 3063 1198 3152 multi,
1220 3065 1267 3128 uti
1288 3063 1365 3130 Vol·

290 3157 291 3160 *
334 3159 549 3251 quardsenius
572 3167 606 3229 in
629 3164 759 3250 egregia
782 3165 1050 3230 commentatione
1073 3187 1156 3252 quae
1177 3165 1364 3232 inscribitur

334 3265 650 3352 ,Untersuchungen
684 3265 764 3339 tiber
798 3266 850 3332 die
874 3265 1012 3346 Quellcn
1046 3266 1105 3333 der
1138 3268 1260 3354 griech.
1294 3269 1364 3335 und

333 3368 416 3438 sicil.
447 3368 564 3438 Gesch.
597 3369 647 3434 bei
669 3369 765 3438 Diod.
789 3369 828 3434 B.
850 3368 1057 3438 xl.-xv1.
1080 3366 1181 3454 1868,
1213 3395 1244 3460 p.
1268 3367 1298 3442 8.
1321 3366 1363 3440 23

334 3471 496 3558 probavit,
520 3473 742 3538 annotationes
766 3481 856 3557 sunt,
888 3495 968 3559 quas
997 3495 1038 3538 ex
1068 3473 1201 3540 historia
1222 3475 1361 3563 quadam

332 3573 474 3641 literaria
503 3583 536 3640 et
564 3574 696 3664 quidem
736 3584 770 3640 ut
799 3583 885 3670 recte
917 3577 1064 3662 opinatur
1098 3600 1140 3642 ex
1174 3578 1362 3666 Apollodori

332 3677 541 3744 Atheniensis
563 3678 723 3746 chronicis
744 3677 869 3758 hausit,
899 3698 994 3764 quem
1025 3682 1096 3766 ipse
1125 3690 1174 3746 ter
1196 3690 1361 3748 auctorem

330 3779 443 3846 laudat
463 3803 625 3870 quemque
643 3782 678 3846 in
699 3791 880 3869 temporum
890 3782 1055 3849 notatione
1066 3785 1189 3871 passim
1204 3783 1360 3855 adhibuit.

332 3887 384 3968 (1.,
401 3879 434 3970 5,
455 3880 654 3968 xm.,103,
677 3880 765 3964 108).
1351 3939 1354 3946 ,

342 3993 348 4052 ’.
393 3985 480 4070 Quia
503 3989 575 4076 jam
609 3989 644 4053 in
673 3986 735 4054 hac
761 3989 868 4076 operis
902 3999 1015 4079 parte,
1047 3990 1183 4060 Gelonis
1215 3991 1359 4077 historia,
