2920 5046
801 445 845 542 aa

309 665 422 752 eapitis
460 663 550 728 initio
599 659 838 728 commemorati
876 660 993 728 πολλοὶ
1028 660 1091 726 τῶν
1128 665 1337 745 συγγραφέων

203 829 204 839 ,
309 763 450 832 fuerint?
508 762 787 852 Volquardsenius
818 787 849 852 p.
873 758 916 830 84
951 764 999 828 ait
1031 761 1204 844 „Timaeus
1237 760 1337 826 liebte

181 939 184 946 .
310 867 502 956 allgemeine
537 867 800 952 Betraehtungen
843 867 877 931 in
919 863 1083 932 kunstlieh
1116 865 1338 950 augespitnten

310 971 533 1056 Gegenstttzen
563 968 631 1034 und
662 993 711 1036 wo
741 969 810 1036 sich
833 969 886 1036 die
906 966 1122 1054 Gelegenheit
1151 966 1235 1032 danu
1252 965 1338 1048 fand,

310 1075 371 1138 wie
398 1073 432 1137 in
461 1071 518 1138 der
539 1071 734 1139 Gesehiebte
757 1071 899 1156 Gelons,
927 1069 1174 1137 tibertreibende
1199 1069 1338 1134 Herron-

311 1175 442 1261 hebung
469 1175 528 1240 der
547 1173 686 1244 Sieilier.
733 1173 805 1258 XL,
826 1170 869 1241 23
898 1173 1028 1238 werden
1053 1174 1087 1238 in
1116 1170 1340 1257 ruhmredig'er

311 1277 423 1344 Weiss
453 1277 507 1342 die
529 1276 656 1342 Thateu
687 1277 744 1342 der
773 1276 901 1343 Sieilier
929 1285 1024 1342 unter
1056 1273 1178 1341 Gelono
1198 1273 1340 1359 Leitung

312 1381 376 1448 den
404 1379 568 1468 Kampfen
597 1380 651 1445 bei
679 1377 918 1468 Thermopylae
949 1378 1019 1444 und
1047 1377 1183 1444 Salamis
1217 1401 1259 1442 an
1288 1376 1341 1441 die

312 1483 399 1550 Seite
424 1481 580 1570 gestellt.“
637 1481 733 1564 Quod
762 1491 809 1547 et·
824 1483 925 1548 oratio
950 1480 1117 1562 ‘Theodori
1146 1473 1341 1568 Syraousani

313 1585 427 1675 (xlv,
449 1582 492 1666 65
514 1581 577 1677 sq.)
601 1585 849 1672 uniusquidem
870 1608 891 1651 a
908 1583 1167 1672 Volquardsenio
1189 1580 1341 1669 exempla

312 1711 370 1776 pro
392 1711 451 1754 sua
468 1689 628 1754 sententia
650 1689 727 1754 data
741 1696 824 1758 sunt.
862 1686 1020 1752 Crederes
1042 1688 1139 1771 igitur
1159 1685 1341 1752 Diodorum

312 1793 425 1878 ipsum
441 1789 504 1856 hoe
533 1799 634 1856 totum
659 1800 756 1878 eaput
777 1788 940 1856 addidisse
962 1799 993 1856 et
1024 1789 1154 1854 demum
1177 1789 1270 1862 initio
1293 1811 1341 1854 se·

313 1894 440 1981 quentis
465 1892 506 1958 ad
528 1892 697 1968 Timaeum
718 1893 840 1958 fontem
859 1915 1024 1959 reversum
1046 1915 1125 1962 esse.
1180 1889 1246 1958 Sed
1271 1899 1340 1956 tan-

312 2004 379 2062 tam
401 1995 601 2082 diligentiam
622 1995 803 2063 Diodorum
831 1994 1017 2062 adhibuisse
1046 1997 1082 2060 in
1109 1995 1243 2060 historia
1265 2015 1343 2060 eon-

314 2097 423 2164 denda
451 2107 564 2186 putare
593 2121 660 2165 non
687 2098 779 2165 lieet:
813 2100 924 2164 omnia
952 2121 1029 2185 ergo
1048 2119 1131 2187 quae
1158 2098 1221 2164 hoe
1244 2105 1343 2184 eaput

314 2203 459 2267 eontinet
478 2201 554 2267 item
576 2225 594 2267 e
616 2202 749 2267 Timaeo
772 2202 956 2289 exscripsit,
979 2204 1051 2289 qui,
1071 2212 1107 2268 ut
1129 2224 1171 2267 ex
1190 2199 1240 2266 his
1264 2222 1341 2288 quo·

315 2325 379 2392 que
398 2304 562 2389 videmus,
592 2327 702 2371 omnes
722 2303 826 2370 fontes
848 2303 1020 2391 diligenter
1040 2307 1192 2393 inspexit.
1246 2301 1343 2384 Quod

316 2407 434 2474 deinde
466 2407 508 2473 ad
548 2406 621 2473 illos
661 2417 852 2494 συγγραφεῖς
891 2410 1021 2493 attinet,
1069 2408 1159 2473 illam
1198 2427 1343 2496 pugnam

315 2509 539 2576 Himerensem
574 2531 647 2576 eum
676 2509 860 2576 Plataeensi
886 2511 1045 2578 Pindarus
1082 2511 1279 2598 comparavit
1309 2511 1343 2572 in

317 2612 373 2679 illo
416 2614 537 2700 insigni
586 2615 746 2680 earmine‘
765 2613 900 2681 Hieroni
945 2612 1079 2680 Gelonis
1124 2613 1214 2679 fratri
1257 2611 1345 2676 dedi-

317 2725 391 2782 eato'
430 2715 535 2804 (Pyth.
559 2723 604 2802 1.‚
638 2713 701 2784 154
724 2716 788 2805 sq.)
829 2715 946 2783 deinde
977 2716 1160 2784 Simonides
1167 2739 1178 2803 3
1217 2713 1344 2804 (fragm.

315 2814 379 2886 142
402 2818 451 2888 ed.
473 2820 605 2905 Bergk.)
641 2829 710 2885 tum
738 2809 922 2887 Herodotu's
956 2842 1028 2886 eam
1063 2841 1136 2885 eum
1167 2819 1225 2885 illa
1256 2816 1345 2906 apud

316 2921 480 2989 Salamina
501 2932 645 3011 pugnata
660 2922 799 2988 confert:
820 2933 926 2990 setara
939 2924 1058 3008 omnia,
1079 2932 1116 2988 ut
1136 2922 1345 3010 illaquoque,

318 3045 402 3112 quae
433 3026 481 3090 rei
510 3025 681 3112 augendae
709 3048 808 3092 eausa
843 3028 1025 3115 conquisita
1059 3037 1150 3110 sunt,
1181 3034 1218 3090 ut
1247 3045 1344 3091 nemo

318 3126 594 3214 Carthaginiensis
627 3151 646 3194 e
677 3127 800 3216 proelio
824 3130 952 3219 elapsus
974 3131 1015 3195 sit
1037 3138 1069 3194 et
1087 3128 1170 3196 Gelo
1191 3136 1265 3215 post
1288 3127 1344 3192 hu·

313 3237 367 3314 jus
385 3230 500 3316 proelii
520 3253 720 3316 successum,
756 3233 894 3319 majores
917 3231 1055 3299 subinde
1076 3232 1214 3298 honores
1235 3229 1346 3296 favore

317 3341 430 3422 nactus
457 3334 492 3398 in
521 3355 620 3420 regno
650 3337 854 3402 consenuerit
882 3335 1096 3424 omnibusque
1123 3332 1346 3421 suspiciendus

317 3444 453 3501 mortem
475 3435 604 3504 obierit:
620 3437 691 3524 jam
717 3440 805 3527 apud
827 3448 990 3506 auctorem
1013 3437 1154 3506 Siculum
1178 3437 1346 3502 Timaeum
1438 3452 1439 3455 ’

319 3539 492 3623 invenisse,
514 3541 570 3628 qui
583 3539 717 3607 Gelonis
740 3550 772 3607 et
790 3541 971 3608 Siculorum
994 3564 1045 3607 res
1068 3550 1175 3627 gestas
1196 3539 1347 3606 laudibus

319 3631 442 3707 ornare
458 3641 576 3728 voluit,
602 3644 675 3732 quis
705 3653 754 3710 est
781 3645 932 3732 quinon
958 3643 1091 3712 videat?
1141 3643 1239 3710 Hune
1268 3665 1346 3708 vero

317 3744 443 3815 nullum
459 3745 559 3812 aliurn
579 3745 680 3813 fuisse
697 3749 760 3813 nisi
772 3747 953 3829 Philistum,
974 3750 1030 3837 qui
1048 3757 1085 3814 ut
1099 3749 1171 3838 jam
1184 3745 1248 3814 alio
1272 3745 1346 3812 loeo

320 3849 517 3916 ostendimus
536 3850 829 3938 'saepe'ingentem
851 3853 1026 3920 exereitum
1047 3853 1087 3918 ae
1113 3851 1250 3917 classem
1270 3848 1348 3916 Can·

319 3951 569 4039 thaginiensium
598 3977 619 4022 a
647 3953 749 4022 multo
776 3956 902 4022 minore
923 3957 1105 4026 Siculorum
1133 3956 1254 4022 vietum
1275 3975 1347 4020 esse
