2920 5046
621 495 663 566 57

118 687 181 752 Illo
203 686 300 752 etiam
333 707 430 752 sensu
451 685 657 752 Herodotum
688 709 746 774 pro
773 683 939 770 πρότερον
960 685 1082 752 dixisse
1105 707 1155 752 νε-

125 793 207 854 ωστί
229 788 400 853 credimus.

183 879 306 956 Cautus
326 898 434 954 autem
456 889 679 978 providusque
700 891 889 956 Aristoteles
913 890 1019 977 (Post.
1033 883 1089 969 23)
1111 890 1153 955 de

117 1013 250 1080 pugnae
272 991 325 1056 die
347 993 405 1056 ait:
439 987 520 1058 κατὰ
547 989 619 1064 τοὺς
646 989 758 1065 αὐτοὺς
786 985 923 1077 χρόνους
946 984 1016 1079 ἦτ’
1034 989 1069 1058 ἕν
1089 997 1153 1058 Σα-

116 1095 225 1176 λαμῖνι
244 1089 367 1176 ἐγένετο
389 1097 551 1175 ναυμαχία
566 1095 618 1160 καὶ
640 1090 661 1182 ἦ
681 1091 716 1160 ἐν
738 1095 867 1180 Σικελίᾳ
888 1097 1152 1181 Καρχηδονίων.“

179 1193 217 1260 Si
240 1196 350 1260 omnia
369 1197 467 1279 igitur
487 1203 694 1278 contuemur,
716 1219 769 1261 res
792 1198 838 1261 ita
860 1219 931 1261 sese
954 1197 1070 1262 habet:
1092 1196 1152 1262 Le·

114 1298 181 1382 gati
206 1299 423 1375 Graecorum,
451 1285 506 1384 q'ui
532 1307 706 1363 auctumno
738 1300 815 1364 anni
842 1298 1153 1385 quadringentesimi

115 1398 308 1483 octogesimi
337 1399 433 1484 primi
461 1398 504 1464 ad
529 1397 690 1464 Gelonem
719 1401 812 1466 missi
835 1407 942 1482 erant,
974 1399 1153 1466 infectare

115 1499 249 1564 domum
270 1499 445 1582 redierant3
472 1499 570 1586 paulo
595 1511 668 1588 post
688 1501 772 1567 Gelo
794 1509 904 1566 tamen
924 1502 1061 1589 imperio
1085 1524 1153 1567 non

96 1603 288 1688 ‘impetrato
305 1599 439 1666 Graecis
455 1601 614 1668 auxilium
636 1603 722 1668 ferre
742 1603 886 1670 voluisse
900 1601 1029 1686 dicitur,
1051 1627 1153 1692 quum

115 1701 402 1788 Carthaginienses
417 1706 665 1770 concursionem
679 1705 839 1770 facientes
861 1705 896 1770 in
912 1703 1058 1770 Siciliam
1077 1728 1152 1771 eum

113 1805 369 1892 impedivissent.
414 1805 496 1871 Celo
520 1830 633 1894 pugna
653 1807 837 1873 Himerensi
864 1805 1152 1892 Carthaginienses

112 1908 193 1971 vicit
216 1915 250 1970 et
272 1929 354 1994 pace
370 1931 568 1996 quamquam
590 1919 745 1975 nontam
769 1909 917 1975 celeriter
937 1920 974 1974 ut
985 1909 1152 1975 Diodorus

111 2007 181 2073 vult
204 2009 372 2091 confecta,
405 2013 585 2077 exercitum
614 2033 808 2098 recuperare
832 2021 864 2077 et
893 2013 928 2076 in
951 2011 1152 2078 Graecorum

113 2109 200 2176 bello
226 2131 301 2176 cum
322 2111 439 2191 Persis,
460 2114 548 2200 quod
570 2113 716 2179 nondum
740 2115 927 2179 dimicatum
947 2120 1031 2190 erat,
1055 2135 1153 2199 agere

12 2269 13 2274 ,
112 2212 228 2296 voluit,
267 2236 366 2300 quum
388 2215 419 2278 ei
441 2215 570 2281 Xerxes
595 2215 683 2303 apud
707 2215 877 2280 Salamina
897 2217 1001 2281 victus
1019 2218 1090 2302 jam
1109 2238 1153 2282 ex

112 2313 248 2402 Europa
270 2318 450 2381 excessisse
467 2320 686 2383 nunciaretur.
715 2315 1030 2403 Carthaginiensium
1052 2320 1153 2404 igitur

114 2417 281 2503 expeditio
295 2425 421 2482 tantum
435 2441 455 2482 a
467 2418 533 2485 fine
548 2421 625 2484 anni
638 2415 701 2488 481
717 2441 823 2507 usque
843 2419 885 2484 ad
899 2428 1054 2484 aestatem
1070 2421 1151 2484 anni

111 2515 419 2606 480fuissepotest.
444 2519 645 2586 Hucaccedit
657 2521 745 2608 quod
756 2521 1152 2587 DiodorusHamilcarem

113 2620 389 2708 mareLibycium
404 2625 616 2710 trajicientem
632 2631 821 2709 tempestate
833 2622 1000 2703 afflictum,
1015 2623 1149 2708 navigia

114 2723 234 2810 quibus
258 2745 322 2811 equ
345 2733 377 2788 et
391 2746 504 2791 currus
518 2724 801 2790 transveherentur
822 2726 970 2790 amisisse
992 2727 1151 2792 memorat

112 2825 260 2912 itemque
268 2847 379 2908 naves,
393 2849 477 2914 quae
484 2827 669 2892 incendium
678 2828 866 2909 evasissent,
877 2827 1017 2913 repletas
1026 2827 1151 2911 fugien-

111 2926 213 3006 tibus,
221 2929 322 2992 atroci
331 2935 519 3016 tempestate
529 2929 672 3013 suborta,
682 2951 793 2994 omnes
804 2927 976 3012 naufragio
986 2928 1151 2994 absumtas

111 3027 214 3094 fuisse
236 3051 278 3093 ex
305 3037 370 3117 qu'o
393 3034 579 3117 paucissimi
608 3040 733 3097 tantum
757 3032 862 3116 erepti
883 3031 1004 3113 exigua
1026 3029 1150 3116 scapha

113 3128 349 3217 Carthaginem
385 3133 567 3200 rediissent.
625 3133 831 3220 Quamquam
868 3139 994 3196 tantum
1030 3135 1171 3218 nequa

112 3255 213 3320 quam
234 3234 441 3320 naufragium
454 3236 576 3316 luisse,
608 3245 764 3324 quantum
786 3235 874 3299 fama
896 3231 1003 3316 a'uxit,
1036 3257 1149 3300 omnes

111 3334 335 3420 intelligimus,
355 3346 465 3402 tamen
480 3338 643 3403 affirmare
655 3360 722 3403 non
744 3337 829 3419 licet,
852 3335 927 3400 illas
940 3343 1149 3423 tempestates

112 3439 247 3502 omnino
270 3461 339 3504 non
359 3439 468 3508 fixisse.
520 3440 773 3528 Expeditionem
803 3439 901 3524 igitur
928 3438 1050 3519 hieme,
1083 3461 1149 3526 qua

110 3560 203 3605 mare
225 3562 353 3628 semper
374 3541 632 3608 turbidissimum
655 3551 713 3625 est,
734 3542 836 3606 fuisse
850 3562 1042 3627 persuasum
1064 3540 1148 3604 mihi

111 3653 171 3713 est.
229 3643 383 3708 Himerae
420 3643 545 3710 obsidio
581 3667 648 3710 non
684 3644 804 3708 diutius
839 3663 938 3729 quam
973 3642 1148 3708 nonnullos

110 3765 242 3810 menses
273 3744 417 3829 duravit,
451 3747 538 3834 quod
567 3769 673 3835 usque
705 3767 833 3834 quaque
864 3745 972 3810 omnia
1002 3745 1147 3809 maxima

113 3847 280 3912 celeritate
301 3848 400 3912 fiunt:
430 3871 506 3914 nam
529 3872 627 3936 saepe
649 3849 750 3914 verba
773 3843 873 3920 εὐθύς
896 3856 929 3912 et
950 3852 1068 3925 ταχέως
1089 3847 1147 3910 ite-

110 3960 241 4030 rantur,
263 3972 361 4037 quam
387 3951 429 4014 ob
451 3973 519 4015 rem
543 3973 688 4039 pugnam
707 3951 935 4016 Himerensem
957 3949 1048 4013 initio
1070 3949 1148 4014 anni

925 4072 940 4118 5
