2920 5046
630 393 667 450 ‘⁵
790 430 837 503 ιι

302 627 541 697 attendendum.
593 624 634 696 cf.
662 623 776 712 'fragm
797 619 870 709 113,
899 617 962 692 123
984 623 1086 691 tribus
1112 624 1208 710 locis,
1229 619 1340 694 132.ιι

302 731 398 812 Quod
420 731 513 797 nobis
542 728 674 818 quidem
693 729 895 794 doctissimus
922 726 974 794 ille
996 727 1046 794 vir
1066 751 1132 794 non
1154 732 1341 817 persuasit:

303 843 439 922 excepto
462 834 548 899 enim
571 831 749 918 fragmento
769 827 832 897 113
853 841 991 919 quatuor
1009 833 1105 897 ceteri
1125 831 1189 898 loci
1211 831 1254 897 ad
1279 855 1342 898 oo·
1440 917 1441 930 χ

301 939 428 1025 piarum
444 933 757 1020 Carthaginiensium
778 955 948 999 numerum
971 935 1141 1021 pertinent.
1178 934 1342 1022 Ephorus
1440 957 1441 1022 j

302 1041 398 1126 igitur
420 1039 526 1126 potius
549 1058 600 1102 res
615 1035 742 1102 Siculas
765 1058 807 1102 ex
827 1047 957 1104 auctore
972 1035 1112 1124 quodam
1134 1037 1252 1120 hausit,
1277 1040 1342 1126 qui

303 1139 459 1230 quidquid
481 1139 592 1206 scribit
614 1139 648 1204 in
670 1139 775 1226 majus
797 1139 952 1205 extollere
974 1139 1071 1205 solet:
1095 1139 1183 1205 hunc
1203 1140 1341 1208 nullum

304 1244 403 1311 alium
429 1243 493 1308 nisi
516 1241 686 1308 Philistum
710 1241 950 1328 Syracusanum
977 1243 1076 1308 fuisse
1104 1245 1176 1331 quis
1204 1237 1340 1332 estqui

243 1397 246 1408 .
303 1371 369 1416 non
390 1343 573 1432 intelligat?
595 1352 761 1432 praeterea
781 1345 821 1411 cf.
842 1343 1019 1433 Volquard.
1041 1368 1074 1432 p.
1097 1342 1148 1413 93.
1440 1337 1441 1348 ’

355 1449 570 1532 'Quaeramus
591 1469 695 1531 nunc,
727 1456 883 1535 quantum
909 1448 942 1512 in
965 1446 1097 1514 Gelonis
1127 1448 1261 1517 historia
1293 1474 1341 1518 ex

304 1553 436 1642 Ephoro
452 1559 606 1640 quantum
620 1571 638 1615 e
654 1549 788 1616 Timaeo
800 1544 969 1616 Diodorus
976 1549 1141 1616 hauserit?
1163 1551 1275 1640 Usque
1291 1554 1340 1620 ad

304 1657 367 1723 hoc
391 1665 518 1743 tempus
541 1652 705 1720 Diodorus
733 1653 767 1718 in
795 1651 857 1718 hac
884 1662 976 1741 parte
997 1653 1127 1740 Ephoro
1154 1655 1243 1720 fonte
1264 1679 1338 1723 uno

182 1789 190 1795 ·
306 1760 378 1826 loco
401 1779 479 1823 usus
504 1777 575 1822 esse
597 1754 799 1821 contenditur
820 1765 852 1820 et
873 1755 1003 1844 quidem
1030 1758 1064 1820 in
1083 1759 1245 1823 mentione
1266 1759 1339 1826 foe

306 1861 391 1927 deris
414 1859 501 1924 illius
525 1857 607 1923 inter
624 1858 739 1926 Persas
762 1867 794 1924 et
815 1857 1098 1944 Carthaginienses
1121 1861 1185 1927 icti.
1217 1861 1290 1944 XI.,
1315 1861 1336 1929 1

306 1961 340 2054 ξ.
364 1960 394 2046 1,
412 1957 441 2030 4
488 1960 574 2027 conf.
598 1959 775 2049 Volquard.
806 1985 839 2048 p
849 1955 914 2045 53
942 1959 984 2029 57
1012 1971 1043 2029 et
1072 1963 1337 2049 Dahlmann.1.,

168 2126 173 2134 .
305 2089 337 2153 p
354 2011 425 2134 1th.
470 2063 567 2145 Quod
588 2063 720 2129 infitiari
740 2063 833 2130 nobis
855 2087 937 2152 opus
958 2087 1027 2131 esse
1047 2075 1178 2154 propter
1197 2069 1337 2134 nimiam
1362 2153 1365 2160 Ι

304 2169 472 2255 utriusque
486 2167 660 2232 memoriae
682 2139 899 2233 differentiam
921 2167 1090 2235 credimus.
1120 2171 1195 2235 Huc
1206 2171 1336 2258 Ephorr

307 2271 416 2359 frgmt
439 2266 500 2337 111
524 2276 658 2356 spectat,
681 2269 769 2358 quod
791 2263 878 2387 apud
902 2270 1002 2338 schol.
1023 2272 1065 2338 ad
1086 2272 1179 2341 Pind
1193 2273 1288 2360 Pyth.
1306 2281 1334 2340 1.

306 2371 370 2443 146
401 2374 572 2441 invenitur.
623 2372 772 2460 Ephorus
802 2373 887 2438 enim
911 2375 1024 2440 Xerxe
1054 2375 1191 2442 classem
1219 2386 1337 2443 contra

306 2477 449 2543 Graecos
471 2483 607 2562 parante
640 2474 764 2562 legatos
789 2475 946 2542 Gelonem
968 2478 1200 2566 Syracusarum
1222 2488 1335 2568 tyran-

195 2655 196 2660 ,
305 2601 384 2644 num
405 2578 524 2644 adiisse
544 2588 662 2662 narrat,
684 2588 869 2666 precantes,
889 2589 924 2646 ut
946 2580 989 2647 ad
1011 2582 1210 2648 Graecorum
1233 2585 1335 2649 socie·

306 2690 404 2748 tatem
423 2681 603 2748 accederet:
626 2680 682 2747 sed
705 2683 838 2749 aPersis
862 2690 893 2749 et
906 2683 1120 2751 Phoenicibus
1143 2685 1264 2772 legatos
1287 2686 1335 2752 ad
1439 2683 1440 2712 ³

307 2784 585 2872 Carthaginienses
606 2787 721 2852 missos
744 2807 829 2870 esse,
859 2791 1055 2873 imperantes
1084 2797 1239 2877 utquam
1264 2811 1333 2856 ma-

305 2890 396 2954 xima
418 2887 520 2955 classe
552 2898 665 2975 parata
695 2890 729 2953 in
752 2887 897 2954 Siciliam
930 2897 1028 2977 atque
1059 2890 1137 2956 inde
1171 2894 1333 2980 superatis

306 2990 439 3057 Graecis
462 2993 496 3055 in
519 2990 779 3078 Peloponnesum
802 2992 995 3078 trajicerent
1052 2993 1159 3074 Quam
1186 2997 1333 3084 utrisque

305 3117 373 3160 rem
399 3093 557 3181 elegatis
591 3095 789 3180 propositam
823 3093 1094 3181 approbantibus,
1132 3096 1257 3164 Gelono
1287 3099 1332 3166 ad

305 3196 385 3272 belli
416 3196 644 3264 cumGraecis
673 3195 786 3262 foedus
814 3218 986 3284 propenso,
1009 3199 1331 3288 Carthaginiensibus

305 3321 383 3368 roro
395 3299 437 3366 ad
452 3321 547 3387 opem
555 3299 659 3365 Xerxi
671 3299 837 3366 ferendam
850 3303 982 3388 paratis,
996 3300 1124 3386 Geloni,
1146 3306 1201 3392 qui
1214 3303 1332 3370 ducen-

307 3413 358 3470 tas
381 3425 503 3483 naves,
529 3401 594 3468 duo
616 3403 706 3470 milia
727 3405 891 3493 equiturn,
916 3404 1062 3492 peditum
1084 3405 1195 3472 decem
1215 3409 1333 3476 instru-
1438 3439 1439 3446 ι

306 3510 424 3592 sisset,
458 3506 647 3572 nunciatum
684 3529 755 3574 esse
782 3507 1093 3594 Carthaginiensium
1128 3509 1266 3576 classem
1296 3513 1333 3576 in

308 3611 455 3684 Siciliam
489 3610 642 3696 navigare
664 3619 760 3700 atque
784 3612 987 3677 commissam
1012 3633 1082 3677 esse
1101 3635 1244 3700 pugnam
1266 3636 1332 3702 qua

307 3713 390 3782 Gelo
418 3735 484 3780 non
515 3721 639 3780 tantum
661 3713 806 3780 Siciliam
830 3712 1005 3780 sedetiam
1024 3717 1208 3782 universam
1232 3715 1331 3783 Grae·

307 3817 391 3884 ciam
413 3816 590 3883 liberasset.

371 3919 534 3988 Diodorus
563 3929 674 3988 contra
701 3920 758 3991 lib.
777 3921 821 3992 X.
844 3919 905 4009 frg.
927 3915 970 3990 32
991 3921 1055 4003 (ed.
1079 3921 1194 4008 Dind.)
1216 3929 1273 3994 XI.
1280 3972 1290 4009 ,
1311 3921 1330 3993 1
