2920 5046
826 492 870 568 34

1446 611 1447 656 l

343 707 386 751 na
406 685 467 751 filii
493 685 595 752 tutela
618 683 661 750 ad
683 682 859 750 Hieronem
881 681 1093 750 transferatur
1115 684 1235 749 caverit
1255 683 1371 749 intelli·
1446 667 1447 754 l

341 789 456 874 gimus.
496 785 698 852 Offensiones
722 788 819 870 enim,
841 808 924 873 quae
945 784 1075 872 quidem
1091 784 1238 850 omnibus
1261 806 1369 851 recen
1445 757 1447 916 l

340 889 475 956 tior-ibus
510 887 646 955 Gelonis
682 887 836 954 historiae
873 887 1081 976 scriptoribus
1116 888 1246 972 ignotae
1283 897 1368 970 sunt,
1445 919 1447 1006 p

342 992 426 1056 inter
447 990 605 1057 Gelonem
633 997 664 1055 et
687 989 863 1060 Hieronem
892 991 1031 1056 fuerunt.
1086 989 1172 1056 conf.
1195 989 1294 1055 schol·
1324 988 1367 1054 ad
1446 1007 1447 1092 p

340 1091 436 1162 Pind.
452 1091 546 1179 Pyth.
563 1092 601 1172 1.‚
623 1086 665 1158 91
687 1094 768 1176 φασὶ
789 1091 826 1158 δὲ
845 1091 905 1159 τὸν
921 1086 1049 1176 Ἱέρωνα
1067 1093 1120 1156 καὶ
1140 1088 1225 1177 πρὸς
1237 1092 1366 1157 Γέλωνα
1445 1093 1447 1140 l

340 1191 400 1261 siu
433 1185 579 1279 οἶδολφόν
610 1191 828 1260 ἕστασιοκένοο
861 1195 917 1278 τῆς
950 1186 1053 1280 α’ρχης
1084 1187 1177 1259 ἕνεκα
1202 1202 1235 1258 et
1263 1193 1363 1258 verba
1445 1181 1447 1244 l

341 1295 438 1365 schol.
462 1306 526 1362 vet.
548 1296 645 1360 inser.
660 1294 713 1361 Ol.
727 1296 803 1365 XII.
819 1290 1023 1380 ,κατοίοβοὸν
1045 1289 1239 1388 OErgateles)
1264 1291 1363 1362 πάλιν

339 1395 379 1466 τὰ
401 1395 437 1464 ἐν
450 1398 578 1484 Σικελίᾳ
600 1394 772 1483 πράγματα
795 1393 1028 1479 στοσιοζόμονο
1048 1392 1133 1481 πρὸς
1148 1397 1364 1470 ramesses

339 1497 491 1586 Ἱέρωνος,
526 1496 735 1581 ἐκδεξάμενος
757 1499 887 1587 alcippe
908 1494 1054 1586 ἐνίκησέ*
1081 1497 1216 1563 eandem
1237 1497 1280 1564 ad
1303 1499 1364 1563 fra-

339 1611 424 1667 trum
444 1601 677 1667 dissensionem
700 1601 861 1688 pertinere
882 1599 1043 1666 videntur.

404 1702 697 1769 Commemoranda
730 1701 870 1790 denique
904 1710 952 1768 est
979 1701 1171 1767 scholiastae
1198 1701 1362 1768 adnotatio

340 1806 382 1871 ad
400 1804 493 1870 Pind.
517 1803 566 1870 01.
578 1803 631 1886 V.,
653 1799 704 1870 19.
749 1804 952 1892 Quamquam
973 1803 1077 1869 multa
1098 1805 1132 1868 in
1154 1805 1216 1870 hoe
1238 1805 1361 1871 scholio

339 1906 524 1994 perturbata
555 1915 646 1985 sunt,
678 1914 788 1971 tamen
821 1906 976 1972 Gelonem
1009 1905 1215 1972 Camerinam
1247 1907 1362 1972 urbem

339 2009 493 2076 evertisse
518 2029 624 2096 neque
653 2009 849 2074 instaurasse
870 2009 1027 2078 videmus.
1071 2007 1308 2095 Wesselingius
1331 2019 1362 2075 et

340 2108 508 2176 Goellesus
531 2111 630 2196 igitur
649 2133 727 2176 vere
748 2133 808 2197 pro
829 2108 894 2177 ὑπὸ
911 2110 1051 2184 [timaus
1073 2112 1281 2198 conjecerunt
1294 2107 1361 2178 riui

340 2207 489 2295 Γελοίων,
511 2212 568 2277 sed
591 2212 774 2278 Boeokhius
797 2233 826 2282 a.
842 2212 874 2279 h.
889 2211 910 2282 l.
933 2212 1099 2298 vulgatam
1121 2214 1236 2278 mutari
1257 2215 1363 2279 noluit

337 2324 406 2381 tum
431 2313 471 2378 ob
491 2313 583 2383 Vrat.
597 2321 639 2396 A,
661 2317 717 2400 qui
739 2314 875 2380 eandem
897 2314 1031 2402 praebet
1053 2317 1086 2382 in
1108 2315 1232 2382 scholio
1254 2318 1361 2402 priore

337 2425 406 2482 tum
427 2416 571 2481 maxime
594 2415 635 2481 ob
659 2415 807 2503 Thucyd.
832 2416 900 2498 v1.‚
921 2414 959 2500 5,
995 2439 1190 2505 quamquam
1215 2417 1260 2484 ibi
1283 2440 1360 2506 quo·

237 2579 239 2592 ,
338 2540 401 2607 que
434 2539 508 2583 cum
536 2516 708 2583 Dodwello
744 2520 967 2605 corrigendum
999 2519 1146 2585 videatur
1180 2517 1218 2585 td
1252 2526 1361 2606 τρίτον

336 2623 519 2708 κατῳκίσθη
550 2612 620 2684 ὑπὸ
653 2615 794 2686 Γελῶον.
850 2620 1063 2690 Scribendum
1096 2643 1174 2688 vero
1207 2632 1255 2688 est
1285 2645 1359 2688 oum

334 2721 481 2786 Boekhio
516 2722 550 2786 in
582 2721 638 2787 illo
672 2721 793 2788 scholio
826 2715 893 2788 εἶτα
917 2718 982 2789 rimi
1012 2723 1144 2790 Γελοίων
1173 2729 1360 2812 συνῳκίσθη

330 2816 414 2892 ausui
435 2816 494 2909 τὴν
516 2819 571 2889 od‘
593 2823 796 2907 Olouuuidu.¹
847 2824 958 2908 (Diod.
979 2825 1048 2907 XI„
1069 2821 1134 2902 76.)
1186 2825 1359 2891 Camarina

333 2927 418 2990 enim
440 2947 461 2990 a
482 2925 694 3012 Syracusanis
717 2926 847 2992 condita
868 2935 917 2992 est
938 2923 1057 3010 0145,
1080 2923 1103 2994 2
1123 2927 1222 3009 (conf.
1238 2928 1357 2996 Krebs.

333 3026 404 3096 lect.
438 3027 572 3096 Diodor.
612 3049 644 3112 p.
674 3023 750 3107 205)
782 3051 896 3095 eversa
939 3029 980 3094 ab
1017 3029 1137 3094 eisdem
1166 3029 1219 3097 Ol.
1242 3026 1304 3112 56,
1337 3025 1358 3094 3

333 3123 422 3219 (aliis
445 3127 499 3198 01.
520 3125 577 3212 57,
599 3124 649 3212 3),
679 3130 797 3194 iterum
832 3131 977 3196 condidit
1008 3133 1220 3219 Hippocrates
1255 3129 1356 3198 Gelae

331 3239 487 3316 tyrannus
517 3231 603 3295 circa
625 3227 740 3309 0171,
761 3227 783 3296 3
805 3235 840 3296 et'
858 3235 971 3299 evertit
993 3233 1088 3304 Gelo.
1143 3233 1288 3321 Sequuta
1309 3243 1357 3299 est

189 3350 193 3357 ’
332 3331 426 3396 tertia
447 3330 640 3398 Camarinae
667 3334 853 3400 instauratio
888 3357 908 3398 a
935 3333 1044 3400 Gelois
1077 3334 1162 3401 facta
1186 3332 1355 3418 01.79,4

306 3431 579 3601 ’(οοηέὄΗονοά
602 3432 788 3518 VH.„154‚
812 3433 876 3504 155
908 3446 940 3502 et
962 3436 1083 3525 Hcynii
1116 3447 1225 3524 opusc.
1260 3436 1353 3503 acad.

331 3538 386 3615 Π,
449 3529 494 3617 9.)
