2920 5046
40 650 43 744 l

627 438 670 510 23

141 643 366 716 commoveant,
376 633 489 721 quade
504 633 1160 722 causesPseudodristotelerosocelinu-

40 745 42 810 l
139 759 208 823 τρια
226 736 406 825 appellatus
428 745 485 808 est.
531 735 659 816 (Suidas
681 760 706 803 s.
729 760 760 808 v.
794 736 868 822 „sco
890 731 929 804 ro*
959 737 999 806 td
1020 740 1160 807 tuturus

38 893 40 930 fl
139 834 380 925 dodyouossrf‘)

200 941 275 1008 Jam
288 941 443 1030 Polybius
466 950 499 1008 et
512 942 675 1008 Diodorus
691 941 784 1008 illum
798 943 1048 1030 reprehendunt,
1071 946 1159 1034 quod

137 1055 277 1114 narratas
300 1067 351 1110 res
372 1045 457 1110 mele
480 1045 687 1133 disposuerit,
718 1046 813 1133 *quod
845 1048 966 1112 crimen
990 1069 1009 1112 e
1032 1047 1158 1114 Timaei

137 1149 320 1234 fragmentis
330 1147 423 1213 nobis
443 1170 512 1214 esse
523 1169 636 1214 verum
650 1147 787 1214 videtur.
822 1148 877 1214 Sic
899 1148 1016 1214 clibro
1033 1149 1159 1216 Timaei

138 1250 275 1316 seeundo
296 1249 511 1336 fragmentum
541 1251 582 1316 dc
605 1249 740 1316 Gelonis
762 1250 820 1315 filii
843 1251 1003 1318 tutoribus
1025 1252 1159 1318 effertur

137 1354 232 1441 (opud
255 1353 355 1420 schol.
377 1353 429 1419 ad.
451 1353 544 1421 Pind.
568 1353 659 1419 Nem.
678 1353 750 1436 IX„
771 1347 844 1440 95),
875 1354 961 1440 qnod
989 1377 1028 1420 eo
1056 1355 1158 1440 magis

137 1456 273 1533 offendit,
296 1457 374 1544 quia
395 1455 477 1521 libro
500 1455 625 1522 decimo
650 1455 691 1521 de
712 1455 836 1522 Gelone
857 1461 1035 1522 sermonem
1060 1456 1158 1522 fluisse
1239 1445 1242 1453 ’

137 1560 354 1646 cognoscimus
377 1581 418 1622 ex
438 1557 551 1624 eodem
573 1558 694 1624 sehoho
718 1582 781 1646 quo
804 1581 915 1647 pugno
934 1557 977 1624 ad
999 1557 1157 1624 Helorum

136 1661 250 1726 flumen
280 1684 299 1726 e
323 1659 447 1748 Gelono
476 1683 549 1726 oum
579 1661 790 1748 Syracusanis
818 1662 988 1728 commisse
1018 1683 1156 1727 comme·

136 1773 285 1833 moratur.
341 1762 406 1829 Sed
436 1787 536 1851 quum
567 1766 705 1852 primam
738 1765 889 1830 historiae
920 1772 1046 1850 partem
1080 1773 1151 1830 oeto

136 1865 220 1932 libris
235 1868 419 1932 constitisse
438 1869 587 1949 sciemus,
610 1866 704 1932 facile
720 1877 768 1933 est
781 1866 956 1950 intellectu,
979 1866 1156 1954 quomodo

135 1969 249 2034 fectum
271 1971 320 2048 sit,
344 1979 379 2036 ut
400 1969 553 2036 Timaeus
576 1969 618 2034 d'e
636 1969 779 2059 ejusdem
796 1969 931 2035 Gelonis
955 1968 1051 2034 rebus
1074 1969 1156 2035 libro

135 2073 272 2138 seeundo
297 2081 328 2138 et
349 2072 432 2139 libro
453 2073 576 2138 decimo
606 2073 788 2160 disputasse
812 2072 948 2140 dicatur.
998 2071 1156 2138 Nimirum

133 2175 280 2241 nonnulli
305 2198 325 2240 a
346 2198 432 2241 nono
462 2175 544 2242 libro
574 2198 693 2241 novam
721 2183 901 2242 statuerunt
927 2176 1058 2258 seriem,
1092 2198 1157 2263 qun

106 2297 107 2313 ¹
134 2278 172 2342 de
192 2300 293 2344 causa
316 2276 435 2343 librum
458 2278 633 2344 secundum
653 2278 812 2361 dixerunt,
833 2278 888 2365 qui
903 2276 974 2344 aliis
997 2277 1079 2342 liber
1101 2278 1156 2343 de-

134 2381 230 2446 cimus
250 2380 433 2446 videbatur.
477 2379 561 2450 conl.
585 2380 732 2450 Mueller.
756 2380 778 2446 f.
802 2379 834 2445 h.
858 2403 890 2466 g.
911 2379 937 2448 I.
960 2403 992 2468 p.
1007 2380 1073 2463 LI.‚
1097 2380 1155 2447 uhi

133 2482 193 2549 ulie
214 2505 345 2572 quoque
368 2482 519 2570 exempla
539 2484 756 2554 inveniuntur.

192 2588 364 2652 Praeterea
396 2586 549 2652 Timaeus
586 2585 628 2651 de
663 2595 843 2674 temporum
876 2587 1000 2652 ratione
1034 2589 1156 2674 optime

132 2691 260 2754 meritus
291 2699 354 2756 est:
389 2712 464 2756 nam
493 2689 607 2755 relicte
635 2711 719 2775 vaga
750 2688 807 2754 illa
838 2713 880 2755 ex
912 2692 1155 2775 generationum

132 2795 210 2858 serie
233 2803 381 2880 tempore
402 2791 608 2880 computandi
628 2793 751 2858 ratione
778 2795 900 2878 primus
923 2792 1154 2880 Olympiudum

131 2899 253 2962 ratione
275 2919 353 2965 usus
374 2905 431 2981 est,
454 2917 537 2984 quoe
552 2905 625 2982 post
638 2917 711 2960 eum
725 2897 759 2960 in
773 2897 917 2961 omnium
932 2896 1154 2962 historicorum

131 2999 322 3088 scriptorum
344 3021 406 3065 usu
428 3001 551 3065 versari
571 3008 687 3088 coepta
706 3009 762 3065 est.
834 3023 839 3030 ·

191 3102 368 3170 Nonnullis
403 3102 482 3168 locis
524 3102 688 3168 Diodorus
725 3102 785 3168 hos
826 3101 907 3168 duos
947 3105 1155 3191 comparavit,

130 3203 184 3270 uhi
205 3207 396 3289 sententiae,
421 3227 500 3293 ques
516 3205 557 3270 de
572 3207 674 3293 copiis
689 3205 892 3294 navibusque
907 3205 1154 3293 Carthaginien-

131 3311 211 3374 sium
235 3309 365 3397 profert
385 3309 469 3375 inter
482 3331 517 3374 se
531 3308 692 3391 differunt,
708 3310 826 3397 quibus
837 3332 879 3375 ex
893 3308 974 3376 loeis
985 3332 1154 3378 numerum

130 3411 170 3478 ab
189 3412 321 3500 Ephoro
353 3411 486 3477 allatum
518 3411 606 3499 apud
634 3412 804 3478 Timaeum
836 3412 878 3478 ad
907 3412 1074 3478 dimidiam
1101 3413 1154 3482 vel

130 3517 253 3582 tertiam
273 3523 399 3603 partem
413 3514 604 3580 diminutum
620 3538 690 3581 esse
705 3515 866 3599 videmus;
891 3515 931 3585 cf.
943 3515 1043 3584 Diod.
1058 3516 1153 3582 XIII.

129 3614 182 3702 54,
204 3614 258 3703 60,
283 3613 335 3686 80.
357 3617 459 3702 XIV.²
482 3614 554 3686 154.
598 3616 770 3684 Muellerus
794 3618 831 3700 (Ι.
855 3642 887 3704 p.
909 3617 1031 3704 LXIV)
1056 3621 1153 3704 igitur

132 3721 268 3805 „deinde
290 3744 387 3802 vero,
414 3722 535 3810 inquit,
564 3720 606 3787 ad
626 3720 715 3787 illem
735 3721 861 3810 Ephori
889 3721 1153 3789 consuetudinem

130 3827 165 3889 in
193 3825 325 3892 modum
350 3823 515 3890 rhetorum
543 3823 708 3912 co1iierum
732 3847 882 3892 numeros
910 3833 942 3892 et
969 3834 1154 3912 quaesunt

129 3928 244 3998 horum
266 3928 383 3998 similia
405 3927 576 3998 immodice
597 3929 819 4018 exaggerandi
832 3952 929 4018 quom
943 3929 1082 3996 maxime
1105 3939 1153 3996 est
