2920 5046
666 420 707 496 51

174 613 338 696 trajiceret
364 615 407 682 ad
436 637 530 701 opem
561 635 672 682 socero
702 637 761 680 suo
796 613 963 680 ferendam
996 634 1134 699 eumque
1162 612 1198 678 in

174 715 416 784 Himerensium
450 719 618 805 imperium
648 717 843 800 restitueret;
882 739 946 804 quo
978 714 1105 781 facilius
1137 712 1198 778 hoc

175 826 284 884 autem
303 821 495 906 impetraret,
513 818 695 886 Hamilcari
717 819 801 886 filios
821 841 896 885 suos
912 816 1041 884 obsides
1055 814 1197 885 tradidit.

175 919 458 1006 Carthaginienses
478 945 556 988 vero
578 931 615 988 ut
637 922 890 988 dominationem
917 941 1008 986 suam
1030 920 1063 986 in
1086 916 1198 984 Sicilia

174 1025 280 1109 magis
304 1024 527 1091 confirmarent
547 1033 645 1111 atque
672 1025 882 1092 extenderent
903 1022 968 1090 illis
990 1021 1132 1110 tyrannis
1153 1021 1199 1084 in·

172 1125 347 1192 vitantibus
370 1127 541 1215 obsequuti
562 1136 645 1193 sunt.

153 1241 157 1250 '
231 1228 329 1308 ,Haeo
366 1238 414 1296 est
449 1252 529 1295 ansa
564 1230 776 1316 expeditionis
813 1227 1125 1314 Carthaginiensium
1161 1249 1200 1292 ao

173 1353 305 1417 pugnae
325 1331 541 1415 Himerensis,
577 1354 674 1418 quam
697 1331 879 1398 Herodotus
908 1331 1016 1414 affert;
1049 1327 1198 1417 Ephorus

175 1443 288 1500 contra
324 1443 356 1499 et
390 1433 553 1500 Diodorus
589 1433 705 1514 aliam,
747 1443 782 1500 ut
810 1435 880 1522 jam
916 1455 1015 1519 supra
1050 1431 1199 1503 vidimus.

175 1537 240 1616 Qui
261 1536 403 1604 Xerxem
426 1537 467 1602 ad
483 1536 763 1620 Carthaginienses
787 1537 828 1602 de
850 1558 886 1600 re
908 1543 1120 1602 communiter
1142 1555 1197 1618 ge·

173 1637 276 1704 rende
305 1638 428 1724 legatos
457 1661 499 1703 ex
519 1639 625 1706 Persis
654 1649 685 1706 et
707 1639 923 1706 Phoenicibus
951 1639 1075 1707 misisse
1104 1635 1199 1702 tradi·

174 1741 292 1806 derunt
313 1751 409 1829 atque
429 1744 475 1808 ita
497 1764 569 1808 cum
591 1741 656 1806 illis
678 1743 867 1809 convenisse
891 1751 927 1808 ut
949 1742 1019 1827 ipse
1043 1738 1199 1806 Graeciae

174 1842 297 1908 incolas
319 1844 556 1931 aggrederetur,
579 1843 859 1928 Carthaginienses
881 1865 1073 1930 veroquam
1095 1843 1198 1906 maxi·

173 1948 235 2019 mis
250 1947 350 2034 copiis
366 1949 536 2012 contractis
548 1945 691 2012 Graecos
705 1945 832 2012 Italiam
845 1939 912 2039 (vel
925 1943 1198 2032 Peloponnesum)

176 2069 214 2113 ac
237 2047 381 2114 Siciliam
403 2047 578 2115 incolentes
600 2046 688 2114 bello
711 2049 938 2136 opprimerent.
1021 2047 1026 2056 ’

239 2149 335 2232 Quod
355 2151 468 2217 foedus
488 2150 635 2216 nonnulli
656 2151 717 2216 viri
734 2150 829 2234 docti,
852 2173 988 2239 quorum
1007 2149 1041 2216 in
1064 2171 1198 2216 numero
1309 2201 1310 2206 1

173 2251 372 2336 Mitiordius‚
409 2251 652 2336 Dahlmennps,
689 2253 863 2336 Duncker,
899 2251 1199 2338 Hardenbergkius‚

173 2354 315 2420 Plassius
337 2357 372 2421 in
396 2357 645 2421 controversiam
667 2354 843 2422 adduxisse
864 2356 957 2424 nohis
983 2363 1069 2420 reete
1090 2353 1199 2420 viden·

174 2467 241 2522 tur:
272 2465 304 2522 et
329 2458 417 2545 quod
437 2456 501 2523 illis
520 2456 720 2544 temporibus
743 2467 809 2524 tam
838 2480 991 2546 magnum
1013 2456 1199 2524 tractandae

155 2559 374 2652 ⁴reipublicae
402 2583 495 2626 usum
524 2559 669 2626 nondum
698 2563 925 2646 cognoverint,
958 2569 990 2626 et
1010 2560 1097 2647 quod
1121 2557 1198 2624 Car·

174 2663 388 2748 thaginienses
403 2663 518 2730 Persas
541 2685 746 2750 oppressores
765 2672 863 2749 atque
885 2662 993 2729 hostes
1014 2661 1199 2742 habuerint,

175 2775 209 2831 et
238 2765 326 2854 quod
352 2766 535 2832 Herodotus
568 2767 636 2853 ejus
666 2787 732 2831 non
761 2765 950 2835 meminerit.
1000 2765 1199 2850 Incipiamus

172 2867 218 2934 ab
239 2869 300 2934 hac
322 2879 483 2956 postrema
503 2890 608 2934 causa.

239 2970 396 3038 Herodoti
432 2971 611 3053 silentium,
642 2977 678 3035 ut
709 2967 936 3036 Dahlmannus
969 2960 1198 3052 (11.,1‚182)

175 3082 260 3140 recte
283 3075 400 3151 monet,
423 3095 482 3161 per
503 3095 537 3138 se
556 3073 632 3138 huic
650 3073 832 3160 quaestioni
853 3071 980 3139 nullum
1002 3078 1199 3142 momentum

178 3178 293 3244 afferre
319 3185 439 3264 potest3
468 3175 589 3242 factum
615 3175 701 3240 enim
730 3197 799 3240 esse
829 3197 941 3262 posse,
974 3184 1010 3240 ut
1030 3172 1199 3260 negligens

178 3280 308 3362 fuisset,
335 3288 390 3346 aut
412 3278 570 3346 derebus
592 3276 710 3344 Siculis
729 3279 762 3342 in
782 3278 957 3364 posteriore
979 3277 1085 3366 operis
1106 3283 1198 3363 parte

178 3381 283 3448 dicere
305 3381 472 3464 voluisset;
496 3389 529 3446 at
543 3379 606 3445 hoc
627 3378 697 3444 loeo
713 3380 808 3467 hujus
822 3379 899 3446 belli
914 3379 1027 3462 Siculi,
1048 3400 1108 3444 nec
1122 3399 1199 3443 vero
1275 3393 1278 3400 ’

177 3483 318 3550 foederis
349 3482 435 3548 illius
473 3483 630 3550 meminit.
689 3481 796 3548 Etiam
833 3483 860 3547 si
897 3485 968 3571 quis
1000 3481 1200 3550 Herodotum

177 3609 244 3652 non
272 3587 306 3650 in
335 3584 481 3651 omnibus
509 3584 588 3653 belli
610 3583 734 3648 Persici
762 3585 906 3670 partibus
940 3594 1106 3652 auctorem
1135 3582 1199 3648 fide

177 3689 404 3774 dignissimum
426 3711 496 3754 esse
518 3687 612 3766 dieat,
631 3685 667 3752 id
691 3685 778 3774 quod
799 3709 920 3773 negare
942 3711 1009 3754 non
1032 3688 1123 3771 lieet,
1153 3694 1198 3752 ta·

178 3814 254 3858 men
277 3789 338 3858 hac
357 3793 392 3856 in
413 3814 448 3858 re
477 3791 595 3858 factum
624 3811 787 3856 essenon
817 3797 938 3878 potest,
968 3798 1003 3856 ut
1033 3791 1102 3876 ipse
1129 3787 1198 3856 fere

178 3893 325 3984 aequalis
354 3897 490 3984 scriptor
520 3916 626 3983 neque
647 3893 796 3982 juvenis,
824 3915 929 3982 neque
957 3893 991 3962 in
1019 3891 1197 3976 itineribus,
